2904 4672
174 275 236 339 180
434 273 477 327 Ad
493 274 603 328 Petram
620 275 760 328 Fullonem
779 273 910 343 epistulae
929 274 1034 345 spuriae

215 475 261 538 XI
288 473 322 539 Si
350 473 420 556 quis
449 472 525 537 dicit
554 469 852 535 consubstantialem
880 489 1002 534 carnem
1031 470 1147 535 domini
1174 470 1233 536 deo
1266 474 1298 536 et

171 580 252 663 patri
276 582 308 644 et
328 598 389 643 non
411 578 517 661 potius
541 578 634 641 deum
657 576 798 654 uerbum,
822 576 993 641 damnetur.

215 686 277 749 XII
313 684 347 750 si
384 684 453 766 quis
491 682 568 747 dicit
603 683 669 746 sine
704 684 808 746 mente
840 685 873 746 et
904 682 970 746 sine
1002 682 1104 747 anima
1136 683 1297 748 dominum

172 793 315 857 nostrum
340 791 447 854 Iesum
475 788 633 855 Christum
663 791 695 852 et
720 808 774 870 pro
803 807 839 852 ca
865 789 1014 854 habuisse
1041 789 1239 855 diuinitatem
1266 794 1298 856 et

172 897 246 979 quia
273 916 307 961 er
334 897 394 961 hoo
421 894 586 959 dicendum
616 913 746 976 passum
774 913 863 958 carna
890 895 983 958 doum
1010 896 1141 960 uerbum
1173 898 1207 961 at
1237 916 1297 963 non
1326 915 1338 955 s

171 1002 272 1086 magis
312 1004 417 1066 mente
458 1020 529 1065 cum
569 1000 673 1063 anima
711 999 887 1064 rationabili
927 1000 1164 1066 inhumanatum
1205 1002 1297 1067 deum

171 1108 305 1172 uerbum
319 1113 352 1172 et
364 1107 590 1188 impassibilem
603 1106 766 1170 dicendum
778 1105 908 1169 eundem
918 1106 1092 1184 diuinitate,
1102 1107 1298 1172 humanitate

172 1233 246 1278 nero
268 1213 461 1295 passibilem,
485 1212 657 1276 damnetur.

121 1310 162 1372 15
215 1320 281 1384 Has
311 1318 474 1383 duodecim
502 1317 714 1383 damnationes
743 1318 838 1381 direxi
864 1318 934 1395 cibi,
964 1322 1006 1409 ut·
1020 1322 1164 1385 metuens
1186 1320 1298 1385 harum

171 1424 288 1489 iudicia
309 1422 435 1487 recedas
459 1442 477 1486 a
498 1425 554 1486 tua
586 1423 789 1487 callidissima
821 1423 961 1488 nouitate
984 1423 1096 1503 sciens,
1119 1425 1194 1507 quia
1211 1445 1298 1509 opor·
1315 1448 1338 1488 ro

171 1533 219 1595 tet
249 1548 305 1595 nos
338 1529 427 1612 sequi
460 1528 683 1594 reuelationem
717 1528 907 1593 sanctissimi
939 1530 1299 1613 Constantinopolitanae

173 1634 323 1700 ecclesiae
351 1634 488 1718 episcopi
515 1635 637 1700 Procli:
666 1634 821 1715 quomodo
844 1633 918 1699 dnm
941 1635 973 1699 in
997 1635 1113 1717 Campo
1137 1654 1298 1701 concurre·

171 1744 219 1805 ret
247 1760 318 1805 cum
347 1739 431 1804 omni
458 1739 573 1823 populo
601 1759 659 1804 suo
686 1739 821 1804 undante
848 1742 1022 1823 portenae
1044 1742 1166 1804 motum
1189 1739 1297 1805 eadam

172 1846 301 1911 ciuitate
324 1847 356 1910 at
382 1845 472 1909 luctu
495 1845 533 1909 ab
562 1845 705 1909 omnibus
733 1845 846 1910 emisso
873 1848 999 1928 repento
1024 1865 1103 1928 puar
1126 1847 1159 1909 in
1187 1865 1259 1910 aera
1281 1865 1299 1911 a

172 1951 306 2035 quadam
337 1951 456 2014 uirtute
488 1950 629 2015 eleustus
662 1954 710 2014 est
742 1951 832 2032 cique
862 1955 1062 2033 praeceptum
1098 1956 1156 2028 est,
1194 1955 1231 2017 ut
1265 1952 1298 2016 in
1316 1978 1338 2018 s

170 2056 280 2122 litania
302 2056 456 2120 diceretur
478 2056 628 2142 trisagion
647 2058 705 2121 hoc
725 2059 774 2121 est
800 2059 925 2122 sanctus
945 2057 1032 2134 deus,
1051 2059 1177 2122 sanctus
1196 2059 1298 2135 fortis,

172 2163 299 2227 sanetus
320 2161 506 2238 inmortalis,
524 2161 671 2226 miserore
689 2163 778 2228 nobis
808 2163 933 2227 ethaeo
952 2162 1132 2227 denuntiare
1150 2165 1298 2248 episcopo

170 2268 277 2332 iussus
301 2270 359 2332 est.
383 2267 438 2349 qui
463 2271 536 2350 post
558 2271 622 2332 tres
644 2268 735 2334 horas
759 2269 849 2334 stetit
868 2269 901 2332 in
922 2268 1071 2333 tribunali
1093 2270 1175 2336 circa
1201 2270 1299 2353 podas

172 2372 312 2437 ciusdem
345 2373 484 2456 episcopi
516 2375 548 2437 et
578 2373 655 2438 haec
688 2375 843 2440 enarranit
873 2371 971 2460 [puer]
1009 2376 1042 2438 et
1074 2375 1120 2440 ita
1153 2376 1299 2441 litaniam

121 2475 161 2539 16
171 2479 358 2559 facientibus
386 2480 541 2545 steterunt
566 2479 614 2543 illi
636 2483 778 2545 terrores.
847 2481 892 2544 sic
913 2481 1021 2564 itaque
1044 2483 1077 2545 et
1097 2484 1134 2545 tu
1155 2480 1299 2547 litaniam
1315 2509 1341 2550 ao

170 2583 264 2649 facito
297 2586 328 2649 et
359 2585 496 2649 cessabit
526 2586 693 2650 aduersum
725 2589 756 2650 te
787 2586 833 2650 ira
863 2586 998 2669 prolata3
1028 2586 1164 2668 alioquin
1191 2588 1300 2652 ueniat

171 2693 318 2774 superte
341 2691 457 2755 Felicis
479 2710 577 2773 papae
600 2691 698 2755 nostri
721 2690 886 2755 damnatio.
911 2692 1068 2756 custodiat
1090 2695 1195 2757 autem
1220 2692 1299 2758 deus

207 2895 305 2962 lfort.
325 2893 374 2947 deo
392 2894 462 2963 patri
533 2894 598 2948 2at
614 2911 668 2947 non
691 2895 754 2948 VB:
772 2912 824 2948 non
842 2895 875 2949 K
943 2896 1054 2950 uerbum
1072 2914 1159 2966 supra
1176 2901 1253 2954 linea
1277 2901 1304 2954 V

171 2981 258 3036 3x11
276 2980 373 3035 orraB
426 2984 802 3051 dnomtpronostrum)B
871 2985 1088 3038 eaVKeeoB
1149 2988 1300 3057 5quiaex

170 3095 221 3150 hoo
238 3095 283 3149 K:
301 3113 332 3149 ex
349 3061 384 3149 hd
407 3095 440 3159 V,
460 3096 590 3167 quiahoc
607 3097 635 3149 Β
734 3115 841 3167 passum
861 3101 1021 3169 carne..(7)
1041 3100 1181 3156 dicendum
1199 3120 1251 3157 ora.
1272 3106 1302 3158 Β

170 3183 187 3236 6
204 3184 331 3237 rationali
349 3182 382 3236 K
450 3184 596 3238 inhumana
612 3188 671 3238 tum
688 3186 722 3239 K
808 3188 823 3239 7
843 3187 936 3240 eodem
953 3187 982 3239 Β
1051 3187 1221 3244 diuinitatem
1239 3192 1303 3246 RK

171 3273 189 3326 8
206 3270 346 3325 damnetur
363 3272 392 3324 Β
408 3277 434 3324 et
451 3271 485 3326 K
500 3273 544 3326 hic
561 3273 697 3328 decinam
715 3272 857 3328 damnatur
874 3275 898 3327 V
933 3277 949 3328 9
967 3276 1061 3330 horum
1074 3277 1102 3329 Β
1138 3278 1171 3332 10
1182 3281 1256 3333 siens
1275 3282 1303 3335 V

172 3359 204 3412 11
222 3375 300 3413 nossa
318 3360 365 3428 qui
378 3360 407 3412 Β
457 3358 616 3414 relationem
633 3361 660 3415 V
724 3362 872 3415 sanctisimi
889 3362 927 3416 V:
944 3365 1151 3418 sanctissimeB
1186 3368 1220 3420 12
1234 3385 1299 3422 aon·

171 3450 259 3500 canet
281 3447 307 3499 V
341 3448 374 3503 13
393 3449 499 3501 eumeni
512 3449 540 3501 Β
592 3465 639 3519 pro
657 3452 727 3502 terro
746 3454 821 3504 motu
838 3450 865 3503 V
900 3452 934 3505 14
951 3452 1089 3506 ciuitatem
1103 3453 1131 3505 Β
1182 3455 1258 3510 lucto
1272 3459 1299 3512 Β

170 3538 281 3604 seponto
298 3536 325 3588 Β
397 3551 458 3605 arae
475 3536 507 3588 ia
525 3553 587 3606 aera
604 3553 672 3594 corr.
696 3538 721 3590 V
736 3555 809 3592 mos.
827 3544 847 3592 2
918 3556 934 3592 a
951 3556 1003 3593 om.
1016 3541 1045 3593 Β
1098 3543 1131 3596 15
1146 3543 1258 3598 leuatus
1271 3547 1301 3599 Β

171 3623 213 3672 est
230 3623 310 3689 (port.
330 3622 409 3690 alen.)
425 3639 513 3690 supra
530 3624 605 3677 osea
623 3624 687 3678 add.
711 3626 736 3678 V
750 3643 825 3683 nan.
843 3631 864 3681 2
933 3629 961 3680 in
984 3628 1021 3681 V:
1039 3633 1068 3682 at
1083 3630 1112 3682 Β
1182 3634 1216 3685 16
1233 3633 1299 3688 lita·

170 3724 222 3760 naa
238 3710 269 3761 in
286 3710 389 3763 letania
406 3726 474 3764 corr.
498 3709 525 3762 V
539 3729 611 3765 mon.
630 3716 648 3766 2
734 3716 871 3784 mesagion
888 3717 916 3770 Β
1005 3719 1037 3770 17
1057 3724 1098 3772 eat
1118 3736 1206 3788 supra
1223 3722 1300 3779 linea

171 3797 237 3851 cdd.
261 3799 286 3851 V
301 3815 376 3852 man.
393 3803 414 3853 2
497 3800 638 3856 denuciare
660 3803 684 3855 V
754 3804 788 3859 18
806 3806 895 3859 iussus
913 3823 946 3860 aa
962 3807 1038 3860 iussn
1056 3823 1124 3861 corr.
1148 3809 1173 3861 V
1187 3827 1264 3864 noa
1281 3816 1301 3865 2

172 3885 205 3938 19
224 3886 281 3939 eins
294 3885 321 3939 Β
391 3890 551 3942 narrauitB
620 3907 685 3962 puer
698 3893 786 3947 delerat
855 3895 982 3949 letaniam
1000 3912 1034 3949 aa·
1046 3896 1175 3950 litaneam
1186 3914 1255 3953 corr.
1275 3900 1303 3953 V

169 3990 243 4028 man.
262 3978 290 4038 2,
308 3975 426 4030 laetania
444 3978 471 4030 Β
571 3978 605 4035 20
623 3983 738 4034 terroros
756 3982 783 4034 Β
888 3986 919 4036 tn
936 4000 1023 4052 supra
1041 3985 1115 4038 tneo
1136 3986 1175 4038 V:
1192 4004 1253 4041 enm
1270 3990 1300 4042 Β

170 4062 289 4116 laetania
307 4063 379 4118 facto
396 4065 424 4117 Β
475 4066 508 4118 21
529 4069 646 4121 cessauit
668 4068 719 4120 VB
788 4070 928 4125 aduersam
946 4074 974 4125 te
993 4072 1033 4124 ira
1050 4073 1093 4124 B:
1110 4091 1172 4128 ατη
1194 4076 1226 4139 V,
1244 4094 1299 4145 quo

170 4151 256 4205 deleto
274 4168 291 4204 a
307 4156 335 4205 te
354 4153 395 4206 ira
416 4153 443 4205 V
456 4171 530 4208 mora
547 4158 568 4208 2
584 4156 616 4208 in
631 4172 715 4224 ΜΨ.
787 4159 888 4228 alioqui
905 4160 934 4212 Β
