2904 4672
536 205 818 278 Prolegomeno.

123 394 263 460 Libellus
274 392 298 480 ¹)
320 395 519 478 quorumdam
540 395 798 461 schismaticorum
820 395 875 480 (2).

121 498 172 564 De
193 500 410 564 conslrnciione
431 498 573 563 basilicae
594 501 693 564 sancii
714 501 812 565 Pauli
825 499 891 587 (3).

127 603 341 668 Guainlaunia
362 603 399 667 de
420 603 612 672 ordinaliene
634 602 742 670 Sinni
764 605 777 690 (
798 606 821 691 ).

128 707 187 774 Ubi
214 706 344 773 Ursinus
364 711 392 773 ei
413 708 466 787 qui
487 724 555 771 cnm
576 720 610 772 eo
630 713 702 773 suni
722 709 760 773 ab
782 709 872 774 exilio
893 707 1072 776 reloxonlnr
1093 709 1152 797 (5).

129 811 186 878 Ubi
204 812 347 877 nelolilnr
368 810 493 875 basilica
515 808 649 876 Sicinini
670 811 683 896 (
704 817 726 897 ).

121 916 172 982 De
193 915 376 998 expelleudu
396 915 486 980 sociis
515 913 621 980 Ursini
639 910 730 981 ,axina
751 915 883 982 Romam
905 915 962 1004 (7).

122 1018 210 1106 Del)
231 1019 503 1101 rebaptizalocibus
524 1017 602 1106 (13).

121 1123 205 1211 De³)
236 1125 285 1189 liis
318 1144 395 1206 qnae
428 1124 508 1188 inicr
536 1111 735 1208 Bonifatium
765 1129 794 1190 ei
823 1123 1014 1209 Eulalinm⁴)
1040 1128 1126 1209 ‘posin
1159 1129 1232 1189 suni

165 1229 285 1315 qnando
301 1230 423 1313 ulrc'cyue
440 1229 644 1309 episcopainm
657 1227 817 1294 Romanae
833 1229 917 1293 urbis
927 1233 1134 1310 persenserunt
1151 1227 1231 1314 (14).

120 1332 304 1414 Exemplum
325 1352 484 1397 samonum
505 1332 677 1398 liilerarnm
698 1334 778 1419 (15).

121 1437 303 1519 Exemplum
318 1437 448 1502 celainm
465 1437 641 1520 Symmachi
655 1438 786 1522 prefecti
800 1439 886 1504 urbis
903 1440 946 1504 ad
960 1439 1134 1520 principem
1151 1434 1229 1524 (16).

121 1542 304 1624 Exemplum
320 1562 449 1624 precum
463 1542 710 1626 presbyterorum
729 1563 787 1624 pro
809 1541 973 1627 Bonisan'o
994 1543 1071 1627 (17).

121 1649 176 1713 Aci
189 1649 372 1730 peticionum
387 1646 634 1731 presbyterorum
654 1667 778 1712 socrum
798 1649 979 1729 rescriptum
1000 1646 1080 1734 (18).

120 1753 198 1818 Ilcm
218 1754 325 1818 remiis
341 1751 493 1834 praefecti
513 1751 599 1816 nclc's
621 1749 796 1837 Symmachi
816 1751 893 1836 (19).

120 1856 304 1938 Exemplum
322 1877 481 1922 sanarum
502 1856 674 1921 litterarum
695 1858 738 1922 acl
757 1858 908 1942 synodum
929 1855 1009 1945 (20).

127 1959 184 2026 Ubi
199 1962 364 2042 inperator
376 1957 576 2044 Bonisacinm
593 1965 622 2025 el
634 1959 793 2024 Eulalinm
808 1961 845 2024 ab
860 1961 933 2026 nobe
942 1959 967 2046 ⁶)
981 1963 1070 2027 inscii
1083 1961 1244 2027 discedere·

164 2069 192 2130 el
203 2065 327 2128 inierim
341 2060 526 2145 Spoliiinnm'
538 2064 709 2146 episcopum
724 2084 815 2129 sacco
832 2066 978 2150 mysterio
991 2065 1137 2131 celclnore
1151 2066 1231 2153 (21).

119 2155 303 2251 Exemplum
323 2188 483 2233 saxonum
504 2168 675 2233 liilerarnm
701 2171 744 2234 acl
764 2171 933 2235 Achilleon
955 2168 1140 2253 Spoliiinnm
1167 2173 1230 2253 epi-

162 2293 286 2355 scopum
307 2271 389 2358 (22).

122 2379 280 2460 Pnnnpc‘s
302 2378 399 2442 analio
422 2379 464 2442 acl
484 2382 624 2442 sennium
645 2377 724 2462 (23).

119 2484 268 2548 Eiusdem
283 2482 439 2564 principis
462 2482 592 2547 celicium
613 2483 655 2546 an
669 2482 819 2563 populum
840 2482 918 2568 (24).

119 2589 268 2653 Einsalcm
288 2587 444 2669 principis
471 2586 597 2667 muscia
625 2586 668 2650 acl
693 2591 831 2651 sancium
861 2587 1030 2670 Paulinum
1058 2590 1230 2672 episcopum

164 2692 318 2758 Nolanum
338 2689 419 2777 (25).

119 2798 269 2863 Eiusdem
290 2796 333 2860 acl
352 2795 449 2880 Afros
471 2796 548 2880 (26).
611 2797 613 2800 ’

119 2902 268 2968 Eiusdem
285 2901 327 2965 acl
342 2903 481 2965 sancium
499 2895 659 2964 Aurelium
681 2897 945 2985 Oanilzayinenscm
962 2902 1133 2984 episcopum
1150 2902 1228 2989 (27).

119 3003 267 3072 Eiusdem
288 3005 331 3070 acl
351 3005 558 3089 Auyuciinnm
579 3004 729 3089 Alypium
746 3003 953 3083 Eulcdinm⁶)
978 3010 1007 3072 ei
1031 3012 1140 3072 celeras
1168 3010 1228 3090 epi-

163 3131 266 3192 ecopos
287 3109 451 3194 uniformis
474 3106 553 3194 (28).

157 3255 176 3322 ¹)
194 3256 300 3310 Erreuit
317 3254 411 3309 indicis
430 3257 528 3318 auctor,
547 3269 606 3309 cum
628 3254 706 3309 initio
729 3271 769 3326 ep.
789 3256 926 3324 2legeiur
948 3257 1101 3325 Explicit
1123 3258 1230 3314 libellus

118 3343 296 3411 quommiam
312 3342 543 3397 schismaticorum
561 3341 589 3408 (i.
609 3358 631 3396 e.
650 3341 691 3412 ep.
711 3343 744 3412 1),
761 3343 883 3411 incipit
900 3344 1013 3412 cpuioln
1030 3344 1229 3402 calholicosum.

155 3429 176 3499 2)
194 3430 262 3499 Epp.
280 3430 367 3484 8-12
390 3431 480 3484 auctor
500 3427 596 3484 indicis
617 3425 677 3484 ideo
703 3446 757 3484 non
783 3430 888 3496 adtulit,
913 3430 984 3500 quod
1011 3432 1048 3486 eis
1071 3433 1100 3486 in
1122 3450 1230 3504 corpore

118 3517 282 3572 collectionis
301 3517 381 3570 simili
398 3515 477 3570 modo
495 3520 575 3586 atque
589 3516 627 3570 eis
641 3533 707 3586 quae
720 3517 881 3587 praecedunt
892 3518 1075 3588 argsmenmm
1088 3536 1141 3574 non
1153 3521 1229 3577 inue-

117 3604 211 3658 niebat
226 3606 417 3673 praenotatum.

154 3689 175 3758 ³)
192 3691 231 3744 Re
249 3707 313 3744 uere
334 3690 377 3745 hic
401 3689 501 3744 titulus
523 3691 626 3761 speciei
650 3690 684 3744 e‘d
709 3707 766 3762 epp.
786 3692 900 3758 14-37;
918 3693 1116 3765 inscriptionem
1134 3710 1176 3767 ep.
1195 3698 1249 3752 14·

118 3770 250 3848 propriam
269 3780 360 3832 auctor
376 3777 472 3833 indicis
488 3793 540 3832 non
559 3776 705 3848 descripsit.

154 3863 174 3933 ‘)
196 3863 317 3918 Uloln'um
338 3862 365 3917 V

154 3950 174 4020 ⁵)
193 3951 228 4004 ab
244 3950 310 4004 urbe
326 3950 367 4004 bis
389 3949 416 4003 V

153 4035 174 4105 ο)
193 4036 353 4092 Euboiium'
370 4037 397 4092 V
