2902 4672
202 240 265 303 140
356 299 358 308 ,
572 234 702 304 Simplicii
719 250 804 305 papae
823 233 954 304 epistulae

200 430 300 494 tacere
323 429 376 494 uel
398 429 526 513 primus,
551 427 624 511 quia
647 428 817 493 seeundum
840 428 968 493 beatum
984 428 1118 494 Paulum
1143 429 1318 513 apostolum

200 535 400 600 ecelesiarum
424 535 562 599 omnium
585 553 690 599 curam
712 534 869 599 sustinens
888 533 966 599 mihi
984 553 1137 599 summam
1156 534 1263 618 gaudii
1282 534 1318 599 de

198 640 320 705 reddita
350 659 405 722 per
441 638 637 705 elementiam
679 643 816 706 uestram
857 658 962 705 sarum
1000 639 1104 723 quiete
1143 639 1319 723 specialiter

199 745 368 824 uindicaui,
402 747 485 829 quod
511 765 569 811 uos
597 745 771 812 diuinitatis
799 745 912 811 auxilio
945 745 1073 811 deiectis
1099 746 1260 832 religionis
1287 748 1319 810 et

198 852 285 937 regni
307 851 452 918 hostibus
475 852 645 917 meruimus
668 853 781 917 habere
803 852 939 917 uietores
964 855 995 916 st
1016 852 1127 917 inuno
1146 852 1315 936 eodemque
1351 876 1365 917 s

197 960 351 1041 prouentu
381 957 504 1024 Christo
531 958 562 1023 in
589 959 680 1024 uobis
707 958 823 1041 ubique
851 958 997 1073 pinsonis
1028 961 1061 1023 et
1091 958 1194 1023 oultus
1226 974 1317 1022 uerae

197 1062 270 1127 fidei
302 1066 333 1128 et
363 1066 465 1129 status
498 1067 548 1131 est
577 1067 737 1148 reparatus
768 1064 901 1147 imperii,
933 1064 1018 1146 quod
1049 1066 1217 1145 utrumque
1248 1063 1317 1128 ideo

196 1169 299 1234 fuerat
330 1170 453 1235 diabolo
485 1189 519 1235 se
549 1170 587 1235 ad
618 1173 742 1254 tempus
773 1170 972 1235 interserente
1003 1171 1173 1246 turbatum,
1206 1172 1244 1235 ut
1275 1171 1317 1234 al·

197 1274 346 1340 terutn‘us
375 1275 560 1340 aduersariis
589 1276 749 1359 dissipatis
777 1275 940 1360 praedonis
972 1274 1081 1340 fierent
1107 1274 1225 1339 maiora
1250 1273 1319 1339 uin·

146 1383 173 1453 ,2
197 1381 305 1448 centis.
383 1380 463 1446 unde
499 1383 565 1446 tam
600 1382 774 1465 praeclarae
810 1383 947 1447 fructum
982 1381 1133 1446 uictoriae
1169 1380 1316 1464 indeptus
1339 1399 1367 1439 ro

198 1506 269 1551 oum
299 1486 421 1552 laetitia
452 1486 638 1552 uniuersalis
671 1487 821 1553 eeclesiae
852 1506 934 1552 nune
966 1505 1100 1569 quoque,
1133 1487 1218 1570 quod
1250 1486 1318 1551 sine

197 1592 370 1657 cessatione
392 1592 482 1670 isoio,
506 1594 607 1658 tacere
629 1613 689 1658 non
712 1612 841 1677 possum
864 1593 979 1678 gratias
1002 1592 1068 1658 sine
1092 1591 1186 1659 dubio
1210 1611 1318 1676 peren-

195 1717 260 1775 nes,
284 1699 368 1782 quod
391 1698 535 1781 antiquae
558 1718 710 1782 ueraeque
733 1698 805 1764 fide'i
828 1700 859 1764 in
881 1699 975 1764 fratre
993 1702 1024 1764 et
1043 1699 1227 1782 coepiscopo
1245 1717 1317 1763 meo

195 1804 359 1870 Timotheo
390 1803 626 1869 Alexandrinam
660 1806 824 1870 eeclesiam
855 1805 1045 1882 reddidistis,
1079 1805 1167 1869 euius
1200 1804 1317 1868 adme

194 1929 293 1993 nuper
313 1909 436 1975 litterae
460 1914 668 1975 commeantes
692 1912 820 1994 expulsa
841 1911 1026 1993 profanitate
1047 1910 1198 1994 Eutychis
1220 1911 1317 1992 atque
1339 1931 1367 1971 :e

194 2014 337 2082 Dioscori
362 2015 576 2081 damnatorum
609 2015 648 2080 ad
670 2016 821 2100 regendos
855 2016 1039 2081 'orthodoxos
1070 2016 1154 2082 beati
1181 2015 1318 2100 apostoli
1380 2061 1381 2065 =

195 2125 227 2185 et
249 2121 459 2206 euangelistae
490 2121 588 2186 Marci
621 2122 737 2200 sedem,
770 2122 853 2204 quod
881 2125 951 2187 ante
982 2125 1175 2206 compertum
1199 2125 1257 2202 est,
1282 2140 1316 2187 se

193 2226 348 2309 recepisse
370 2227 557 2292 memorauit
578 2226 711 2293 incitans
733 2247 789 2293 nos
812 2229 964 2305 nolentes,
992 2229 1029 2292 ut
1054 2228 1130 2292 haec
1156 2228 1226 2311 ipsa
1251 2227 1316 2311 pie·

151 2332 267 2399 distis
308 2335 431 2398 uestrae
467 2332 609 2398 sensibus
650 2334 842 2400 referremus.
913 2336 950 2398 ut
990 2352 1062 2417 ergo
1103 2332 1316 2414 tranquillitas
1359 2365 1361 2368 ·

195 2439 292 2507 uestri
323 2442 526 2523 perpetuast
551 2438 611 2504 fixa
641 2439 685 2505 sit
706 2440 803 2525 regni,
836 2439 982 2522 quietem,
1006 2459 1099 2522 quam
1131 2439 1251 2505 cunetis
1283 2438 1316 2502 in
1337 2460 1367 2500 :o

194 2547 369 2609 memorata·
391 2545 524 2610 eeclesia
550 2545 763 2629 praestitistis,
796 2546 941 2630 peruigili
972 2545 1164 2628 protectione
1195 2544 1317 2608 munite

284 2752 296 2804 1
318 2750 350 2804 of.
366 2742 488 2806 Corinth.
507 2750 536 2811 ΙΙ
554 2752 596 2816 11,
614 2752 648 2806 28

231 2883 248 2936 2
266 2882 300 2937 de
317 2882 436 2952 re[ddita
453 2897 501 2951 per
519 2883 620 2937 clemen
638 2883 718 2938 hodie
736 2884 838 2938 auehe
855 2885 928 2953 sunt]
944 2884 1009 2937 tiam
1023 2886 1138 2937 uestram
1153 2883 1190 2938 B:
1211 2881 1243 2936 de
1257 2881 1318 2935 red·

196 2971 254 3026 dita
271 2987 319 3041 per
337 2970 478 3025 elementia
497 2973 586 3029 uestra
604 2971 628 3025 V
677 2969 696 3025 B
715 2973 847 3041 quiaetem
866 2971 1025 3042 peculariter
1036 2972 1065 3025 Β
1116 2972 1135 3025 4
1152 2969 1263 3024 deiectis
1281 2964 1332 3023 V:

177 3104 179 3109 .
197 3058 305 3114 deitatis
325 3058 351 3110 Β
439 3059 467 3111 et
482 3059 522 3112 B:
541 3059 570 3111 in
591 3057 616 3112 V
685 3061 701 3113 5
719 3053 861 3119 meruimus
879 3059 917 3113 B:
941 3075 1119 3125 merueramus
1142 3058 1173 3123 V,
1191 3059 1319 3112 merueri-

196 3163 255 3201 rnue
274 3144 300 3216 p²
358 3147 551 3216 dprouentum
573 3145 600 3200 V
668 3147 773 3202 cubitus
791 3148 819 3201 Β
890 3163 950 3201 nere
974 3147 1024 3200 VB
1085 3149 1273 3217 irepparatus
1290 3147 1320 3199 B

197 3234 367 3292 8altemtris
385 3234 412 3287 Β
474 3236 622 3290 9uieentie
644 3236 674 3301 Β
736 3237 769 3291 10
786 3236 920 3306 praeclare
943 3234 994 3289 VB
1064 3236 1175 3290 uictoris
1197 3235 1236 3289 B:
1263 3234 1320 3288 uir·

197 3324 264 3378 tutis
282 3322 308 3377 V
360 3323 392 3377 12
410 3339 540 3391 perennes
558 3323 596 3377 V:
615 3340 743 3393 perennes
756 3324 880 3379 refferens
894 3324 921 3376 Β
976 3325 1007 3378 13
1026 3324 1135 3394 antique
1148 3338 1264 3393 uereque
1282 3323 1318 3378 V:

199 3411 307 3481 antique
325 3427 388 3465 uere
406 3412 433 3465 Β
521 3412 629 3466 fratrem
649 3414 677 3465 et
695 3400 786 3483 eoepfn
805 3429 893 3466 meum
912 3412 1072 3465 timotheum
1090 3412 1116 3464 B
1184 3412 1217 3465 14
1235 3411 1319 3466 eoele-

198 3499 266 3553 siam
288 3498 324 3553 V:
344 3502 372 3553 et
390 3499 529 3554 eeclesiam
546 3501 574 3554 Β
658 3500 692 3555 ad
714 3500 749 3555 V:
769 3501 829 3561 aB
889 3501 921 3554 15
940 3503 1108 3554 eoemeanter
1125 3500 1152 3552 Β
1235 3499 1320 3568 Euty·

199 3587 255 3642 chis
276 3587 386 3656 scripsi:
411 3587 536 3658 eutyches
563 3587 595 3652 V,
619 3588 760 3643 eothioetis
784 3590 809 3641 Β
912 3589 944 3644 16
972 3587 1069 3642 disoori
1090 3588 1119 3641 Β
1224 3586 1258 3640 ad
1280 3586 1320 3641 B:

198 3690 248 3730 om.
271 3673 298 3727 V
401 3674 540 3730 ortodoxos
557 3676 585 3729 Β
699 3676 814 3747 apostoli
831 3676 928 3744 scripsi
951 3675 985 3743 ef.
1008 3675 1145 3730 Valetium
1163 3675 1202 3729 ad
1219 3674 1321 3730 Esset,

198 3763 237 3818 H.
256 3763 291 3818 Β.
310 3763 413 3818 1124:
433 3764 507 3834 pauli
525 3764 557 3829 V,
575 3765 685 3835 petriB
715 3763 716 3766 ’
740 3767 771 3819 17
790 3764 925 3819 soom.B
980 3765 1012 3819 18
1030 3763 1321 3818 memorauitineitans

197 3867 246 3921 par
263 3851 469 3915 anacoluths'am
485 3857 518 3906 :et
533 3853 644 3927 oidetsm
656 3853 737 3923 quasi
750 3859 833 3907 antea
847 3852 947 3908 dietum
962 3858 1026 3908 esset
1040 3853 1085 3922 qui
1098 3852 1126 3906 in
1139 3840 1238 3905 litteris
1253 3851 1319 3912 suis:

201 3939 329 3993 laeenam
345 3940 501 4009 suspicatur
512 3940 614 3997 Hertel
626 3957 783 4011 proponens
797 3943 829 3996 15
843 3941 948 3996 litteras
960 3943 1137 3995 commeantes
1150 3938 1322 4002 <adferebant

201 4025 313 4095 quibus>
384 4029 497 4083 inciture‘
512 4046 562 4083 nos
579 4029 672 4083 uolens
689 4027 717 4083 Β
775 4032 807 4084 19
825 4029 986 4083 refferiernus
1004 4030 1032 4083 Β
1088 4030 1119 4083 21
1150 4030 1321 4082 memoratam

201 4113 338 4169 ecelesiam
358 4115 384 4167 Β
453 4117 646 4185 protectionem
665 4117 739 4172 unite
762 4118 794 4185 V,
811 4119 978 4189 protectione
996 4120 1101 4171 monete
1120 4117 1147 4170 Β
