2904 4672
131 253 157 319 Ι,
551 250 839 320 Prolegomenc.

131 463 256 528 ponam,
288 444 316 509 si
345 443 378 508 in
410 441 596 508 conferendo
630 442 738 507 codice
771 442 875 524 aliquo
903 442 1005 507 tribus
1033 442 1085 508 uel
1112 446 1264 525 quattuor

132 550 212 616 locis
233 548 412 614 leuiuscula
434 567 506 612 eum
528 548 674 632 fugerint.
700 548 727 613 si
749 567 825 612 uero
847 548 916 630 ipse
934 548 1099 630 profitetur
1116 548 1261 616 Thielius

134 655 177 742 (p.
213 654 331 740 XXVI)
369 654 523 720 codicem·
545 653 716 736 principem
753 652 941 720 Uaticanum
973 655 1057 719 4961
1092 673 1126 719 66
1158 655 1261 721 denuo

131 781 256 828 summa
283 759 447 845 diligentia
467 760 528 823 aut
555 758 661 841 ipsum
688 761 744 823 aut
769 777 825 841 per
851 759 969 825 amicos
997 759 1179 840 contulisse,
1202 781 1258 844 pro

131 867 297 953 diligentia
328 866 356 931 si
388 864 609 936 substituisset
641 865 883 948 neglegentiam,
918 865 957 930 ad
987 866 1154 934 ueritatem
1191 887 1261 951 pro-

131 974 203 1057 pius
235 972 433 1038 accessisset.
465 989 567 1053 neque
591 969 673 1034 enim
695 971 799 1035 solum
822 970 992 1036 innumeris
1011 972 1090 1038 locis
1108 972 1259 1040 lectiones

133 1065 277 1159 Uaticani
303 1077 391 1144 illius
420 1076 544 1142 silentio
571 1077 721 1158 praeterit
748 1076 804 1140 sed
831 1076 957 1160 saepius
985 1078 1080 1142 etiarn
1103 1081 1258 1161 expressis

130 1185 236 1251 uerbis
268 1184 314 1249 de.
337 1202 374 1248 eo
405 1183 487 1259 falsa
509 1182 663 1248 adfirmat.
692 1183 782 1248 cuius
810 1183 936 1266 quidem
963 1183 1009 1249 rei
1036 1186 1179 1268 exempla
1206 1186 1256 1252 hic

129 1311 189 1371 non
204 1290 319 1368 adfero,
334 1289 456 1355 uolenti
470 1289 657 1373 cognoscere
671 1307 687 1352 e
703 1288 828 1355 schedis
841 1288 922 1354 meis
931 1289 1065 1354 libenter
1074 1290 1256 1356 exscribam.

130 1398 187 1463 sed
222 1395 343 1462 accedit
378 1395 474 1460 aliud.
512 1414 702 1485 quamquam
734 1396 816 1459 enim
847 1416 878 1478 p.
909 1395 985 1459 XVl
1015 1396 1082 1478 ipse
1114 1396 1257 1462 Thielius

130 1522 285 1569 summam
316 1520 350 1567 se
381 1501 723 1585 praestantissimorum
760 1502 904 1568 codicum
940 1502 1034 1567 fidem
1071 1504 1256 1570 obseruasse

130 1612 301 1691 contraque
317 1626 386 1673 cam
406 1607 561 1671 editorum
580 1607 776 1689 aliorumque
794 1626 851 1673 nec
871 1626 988 1674 errores
1006 1627 1063 1672 uec
1079 1609 1256 1676 arbitrarius

130 1714 337 1781 correctiones
370 1712 535 1777 admisisse
567 1712 621 1791 ait,
649 1712 812 1778 tamenin
839 1714 897 1778 hac
924 1714 993 1795 ipsa
1020 1733 1052 1779 re
1075 1715 1255 1781 sexcenties

127 1820 280 1904 peccauit.
305 1837 341 1884 en
363 1818 451 1885 locos
475 1837 511 1882 er
533 1837 596 1882 una
619 1819 755 1902 epistula
775 1819 837 1883 102
855 1820 983 1902 petitos,
1003 1818 1117 1903 quibus
1137 1821 1255 1890 codicis

128 1925 262 1993 lectione
292 1924 437 2008 neglecta
464 1941 500 1988 ac
527 1942 565 1988 ne
592 1924 688 1990 uerbo
717 1923 841 2007 quidem
871 1929 1110 1998 commemorata
1133 1930 1255 2010 repetat

131 2051 249 2097 amores
271 2025 479 2096 Baronianos:
502 2030 595 2115 469ιο
619 2051 640 2094 α
662 2030 742 2094 Va:
766 2032 801 2095 io
822 2032 893 2098 Bar.
918 2032 1008 2097 Thiel
1075 2033 1168 2118 469„
1198 2034 1253 2097 od-

127 2139 267 2219 spirassc
289 2135 365 2200 Vc:
390 2136 585 2214 conspirasse
607 2137 678 2201 Bar.
702 2135 792 2200 Thiel
845 2138 938 2222 46929
959 2137 1153 2203 tradiderunt
1171 2139 1200 2203 ‚V
1213 2163 1252 2203 a:

128 2242 325 2306 crediderant
351 2243 421 2306 Bar.
453 2241 543 2306 Thiel
609 2242 688 2325 470,
715 2241 806 2305 nisus
832 2242 913 2308 Vo:
942 2245 1031 2307 acisas
1060 2245 1131 2308 Bar.
1161 2245 1252 2310 Thiel

13 2363 17 2369 ’
127 2347 222 2433 47014
237 2347 458 2427 conprobeo'otar
471 2347 541 2411 Vc:
557 2348 825 2425 conoproboreutur
838 2349 908 2412 Bar.
924 2349 1013 2413 Thiel
1080 2351 1172 2435 470„
1189 2351 1254 2416 sint

126 2451 465 2520 VazsautBar.Thiel
509 2448 1061 2537 47166666666766663667661
1105 2457 1252 2540 4711166·

127 2560 284 2622 coattsocut
305 2562 334 2623 ct
351 2558 424 2624 Va:
448 2561 476 2622 et
497 2560 593 2622 secuti
615 2563 688 2622 sucat
706 2561 775 2625 Bar.
795 2561 886 2625 Thiel
953 2562 1044 2645 471„
1066 2562 1100 2625 irc
1118 2560 1191 2627 Va:
1211 2561 1254 2625 od

126 2665 198 2729 Bar.
222 2665 313 2746 Thiel
378 2665 472 2751 471„
496 2665 729 2744 deesseqceotes
747 2665 827 2753 Vc:
852 2670 1044 2748 exsequentes
1065 2668 1136 2731 Bar.
1160 2667 1252 2736 Thiel

126 2771 220 2854 471„
240 2774 268 2835 et
280 2769 394 2844 Mario
411 2769 480 2836 Vos:
500 2789 537 2835 ex
554 2769 668 2834 Μανία
685 2772 756 2839 Bar.
776 2772 866 2837 Thiel
931 2773 1010 2857 472,
1031 2777 1059 2836 ct
1072 2771 1140 2837 Va:
1160 2771 1252 2838 otiam

126 2876 196 2942 Bar.
211 2876 301 2942 Thiel
350 2877 431 2961 4724
445 2876 497 2941 dei
507 2876 599 2940 uerbo
614 2877 685 2941 Va:
700 2877 791 2942 uerbo
805 2878 856 2942 dei
868 2879 940 2945 Bar.
955 2878 1045 2944 Thiel
1090 2880 1169 2964 472,
1184 2898 1251 2944 sera·

125 2984 206 3045 siloae
219 2981 246 3045 V
257 3004 295 3047 or:
314 2985 482 3046 scocseritoe
499 2983 570 3050 Bar.
589 2980 680 3047 Thiel
724 2984 802 3068 472,
821 2981 981 3066 Eutychen
997 2983 1037 3062 V,
1056 2985 1194 3049 6666676666
1213 3008 1252 3050 or:

125 3085 322 3174 Eotyoketeoo
343 3089 413 3152 Bar.
435 3088 527 3153 Thiel
593 3090 686 3172 472„
710 3088 814 3153 debere
838 3089 918 3153 Ver:
941 3089 1044 3154 deberi
1065 3091 1137 3156 Bar.
1161 3091 1252 3156 Thiel

125 3195 219 3279 472„
233 3198 323 3275 atquo
336 3191 414 3259 va:
434 3198 462 3258 et
474 3195 544 3261 Bar.
565 3195 655 3259 Thiel
695 3196 788 3279 472„
807 3195 888 3279 airy.
907 3195 1020 3259 Morio
1037 3197 1118 3262 Ver:
1138 3197 1252 3262 Μανία

123 3301 204 3384 aoy.
234 3282 306 3366 aar.
334 3300 423 3366 666
490 3301 569 3385 aaa,
595 3300 683 3364 oona
709 3299 800 3367 Areo.
828 3299 909 3365 va:
937 3301 1027 3366 noea.
1059 3303 1148 3367 aare
1178 3301 1251 3368 66.

124 3406 216 3485 l'niel
282 3407 359 3492 473,
392 3406 526 3486 orolca'ep.
558 3410 698 3488 nostrum
729 3406 811 3471 Va:
843 3411 981 3471 nostro-rra
1012 3408 1146 3489 archiep.
1179 3410 1250 3474 Bar.

124 3494 216 3577 666
266 3495 780 3598 cra„oeralaVa:aararsa1·.
806 3513 896 3577 nuru
950 3515 1040 3598 ora„
1065 3513 1251 3597 taraone

124 3617 206 3683 Va:
229 3620 436 3701 moplcaooot
471 3619 543 3683 Bar.
579 3618 679 3683 Thiel.
719 3619 810 3683 cuius
846 3620 1063 3703 neglegentiae
1105 3638 1178 3686 cum
1214 3640 1250 3686 eo

122 3725 312 3808 prooesserit
354 3723 505 3802 Thielius,
544 3726 581 3788 ut
620 3741 853 3805 nonnumquam
895 3724 989 3788 etiam
1032 3743 1149 3790 errores
1190 3726 1251 3791 soli

57 3903 59 3906 Α
121 3830 305 3914 typothetae
329 3830 551 3897 adscribendos
575 3849 591 3893 e
613 3829 769 3911 prioribus
793 3828 981 3895 editionibus
1000 3824 1166 3913 receperit,
1188 3852 1249 3899 non

124 3943 174 4001 ms
195 3935 306 4001 iudicii
328 3936 505 4020 iniquitatis
531 3954 620 4019 spero
645 3938 828 4000 accusatum
850 3936 899 4015 iri,
924 3936 952 4001 si
972 3956 1041 4001 eum
1062 3937 1094 4000 in
1113 3937 1250 4003 editione

121 4038 316 4106 instituenda
348 4043 385 4106 ab
419 4062 465 4120 ea,
499 4060 593 4124 quam
614 4060 639 4105 *a
666 4044 789 4107 nostrae
823 4040 950 4124 quidem
982 4043 1094 4106 aetatis
1132 4031 1255 4108 editors.

122 4149 177 4211 tuo
218 4144 284 4210 iure
325 4146 549 4231 postulamus,
590 4145 754 4229 diligentia
794 4147 887 4231 longe
928 4146 1045 4212 afuisse
1064 4213 1065 4216 ,
1085 4147 1250 4232 ipsamque
