2904 4672
161 211 225 276 228
418 207 557 278 Agapetns
576 207 716 278 episeopus
733 207 884 262 Iustiniano
901 207 1026 278 Augusto

161 403 322 468 connitum
355 402 504 468 habuisse
536 421 649 486 eorpus
681 404 737 489 aut
768 403 806 466 de
839 403 925 468 caelo
957 402 1016 466 hoo
1049 401 1203 466 detulisse
1242 408 1293 468 aut

160 506 315 573 fantasma
337 527 407 573 esse
430 512 484 573 aut
503 509 666 573 mortalem
687 508 825 573 diceutes
846 508 940 573 deum
958 509 1090 572 uerbum
1108 507 1293 592 indiguisse,

161 617 198 678 ut
212 618 331 697 epatre
349 614 599 692 resuscitaretur,
619 616 674 677 aut
697 613 764 678 sine
787 613 892 677 anima
910 632 1022 696 corpus
1042 617 1098 678 aut
1116 612 1185 678 sine
1203 631 1294 678 sensu

140 714 319 786 'homiuem
348 719 527 802 suscepisse
555 721 609 784 aut
637 719 715 784 duras
748 720 940 785 substantias
974 718 1093 784 Christi
1122 718 1293 784 secuudum

161 826 399 908 permixtionem
431 826 577 891 confusas
609 845 704 890 unam
736 826 850 890 factam
883 825 980 891 fuisse
1022 825 1235 890 substantiam
1266 828 1329 890 etr

162 951 223 1020 non
252 930 435 997 coufitentes
459 931 620 996 dominum
644 935 786 997 nostrum
809 931 915 996 Iesum
939 931 1100 997 Christum
1125 931 1204 996 duas
1229 949 1295 995 esse

162 1040 288 1102 naturas
316 1037 506 1116 inconfusas,
533 1056 629 1104 unam
660 1040 766 1102 autem
798 1055 974 1119 personam,
1007 1037 1183 1102 secundum
1215 1035 1296 1118 quod

162 1163 242 1208 unus
267 1143 422 1221 Christus,
447 1162 528 1208 unus
550 1143 635 1210 idem
657 1143 752 1222 filius,
775 1142 854 1207 istos
878 1143 1120 1208 anathematizat
1143 1141 1296 1208 catholica

15 1298 18 1305 .
133 1247 195 1313 8et
221 1249 394 1332 apostoliea
422 1249 564 1315 ecclesia.
631 1250 708 1314 haec
739 1237 824 1332 ergox
845 1253 929 1324 sunt,
960 1248 1057 1313 frater
1080 1247 1295 1322 dilectissime,

163 1373 242 1439 quae
268 1374 324 1437 pro
353 1355 494 1420 antidoto
522 1373 579 1419 nos
607 1353 719 1418 dehere
746 1353 872 1419 mittere
894 1353 1056 1438 flagitasti,
1081 1353 1166 1435 quod
1190 1354 1295 1418 narllus
1310 1377 1332 1417 s

165 1479 303 1525 amarum
331 1479 432 1542 neque
460 1460 550 1526 dulce
578 1461 704 1524 noxium
731 1459 904 1524 uidendum
931 1460 1078 1544 refugiat.
1108 1479 1182 1524 nam
1206 1460 1296 1524 etde

162 1569 269 1631 nostro
299 1569 456 1631 conuentu
484 1566 741 1648 disposueramus
766 1567 917 1649 quosdam
942 1566 1085 1650 dirigere,
1111 1566 1138 1630 si
1161 1565 1244 1630 ratio
1266 1564 1297 1629 id

163 1672 313 1755 temporis
345 1671 411 1736 fieri
441 1671 647 1754 permisisset.
685 1671 768 1754 quod
804 1671 903 1736 facere
940 1657 1096 1736 oredimus
1133 1674 1296 1753 oportune,

164 1797 236 1843 oum
262 1777 389 1842 illarum
415 1777 551 1860 partium
578 1778 727 1842 correctio
755 1778 794 1842 ad
821 1797 877 1842 nos
904 1778 1033 1842 iuuante
1061 1777 1188 1841 domino
1215 1778 1298 1861 lega·

135 1881 248 1949 titione
278 1883 471 1965 plenissima,
504 1883 588 1948 sicut
619 1883 814 1960 confidimus,
837 1883 932 1948 fuerit
959 1884 1111 1959 nuntiata,
1135 1885 1297 1966 sperantes
1312 1908 1334 1948 n

166 1989 261 2054 etiam
283 1988 321 2054 de
346 1989 396 2053 dei
417 1989 517 2055 nostri
539 1989 761 2066 misericordia,
784 1992 821 2053 ut
838 1990 913 2054 huic
931 1989 1155 2072 praedicationi
1174 1992 1297 2057 nostrae

166 2093 428 2159 clementissimus
466 2098 497 2158 ct
534 2093 820 2160 christianissimus
856 2096 1024 2178 imperator·
1058 2094 1297 2159 unanimitatem

166 2219 256 2267 suam
283 2199 495 2282 auxiliumque
523 2200 702 2284 coniungat,
731 2203 885 2282 quatenus
912 2220 967 2284 pro
996 2200 1065 2276 fide,
1095 2219 1157 2283 qua
1189 2199 1296 2283 pollet,

165 2306 197 2371 in
211 2304 276 2369 illis
289 2305 469 2390 regionibus
489 2307 660 2385 coherceat,
672 2300 829 2387 qui'nouis
845 2306 1091 2388 quaestiunculis
1111 2308 1143 2370 et
1162 2324 1297 2370 secun·

167 2412 255 2476 dum
279 2411 476 2478 elementa
505 2413 657 2491 mundi,
681 2412 765 2477 sieut
787 2432 844 2477 uas
863 2412 1024 2477 electionis
1044 2415 1115 2477 ante
1133 2410 1296 2495 praedixit
1312 2439 1336 2480 eo

167 2517 324 2600 superflua
354 2537 496 2603 uanaque
529 2518 713 2583 concinnant
744 2519 883 2583 uolentes
919 2519 1072 2583 contineri
1105 2518 1297 2584 salutaribus

118 2615 353 2705 lOdisciplinis.
421 2624 476 2689 sed
507 2643 595 2703 uos,
629 2625 713 2690 siout
744 2624 789 2689 ait
818 2624 902 2689 idem
935 2625 1107 2705 apostolus,
1141 2643 1213 2689 non
1242 2624 1298 2688 ita

168 2728 385 2793 didicistis
416 2727 637 2806 Christum,
670 2728 704 2794 si
736 2731 868 2804 tamen
900 2728 1016 2793 illum
1048 2728 1228 2793 audistis
1262 2731 1299 2818 et

168 2835 209 2899 in
231 2835 306 2899 illo
329 2833 438 2899 docti
461 2834 580 2913 estis,
611 2834 725 2900 sicut
747 2838 809 2900 est
831 2833 987 2899 ueritas
1010 2835 1047 2899 in
1070 2835 1181 2912 Iesu,
1206 2853 1298 2917 quam

169 2941 278 3023 utique
308 2940 363 3004 ille
395 2939 623 3022 adprehendere
653 2939 778 3023 poterit,
810 2940 864 3021 qui
898 2939 1139 3005 orthodoxorum
1162 2942 1298 3023 patrum,
1313 2969 1336 3010 s

259 3231 413 3289 ledones.
431 3234 457 3298 2,
477 3233 493 3287 8
547 3234 581 3288 22
599 3233 697 3304 Ephes.
715 3235 741 3300 4,
759 3234 794 3289 20
812 3251 851 3304 sq.

207 3440 372 3536 lconuitnm
390 3482 418 3537 Β
475 3483 693 3556 2phantesma
692 3484 719 3538 V
775 3485 889 3556 3apare
908 3487 1114 3541 resuscitaretur
1137 3488 1169 3552 V,
1189 3494 1307 3559 epatre

170 3572 344 3625 suscitaretur
361 3572 389 3626 Β
441 3571 578 3626 5faotum
596 3572 623 3624 Β
680 3572 756 3627 efrs
775 3572 948 3644 dilectissime
967 3574 994 3628 Β
1058 3575 1090 3630 10
1109 3577 1255 3632 anthidoto
1277 3577 1303 3631 V

171 3658 238 3713 debe
256 3659 283 3713 Β
328 3660 359 3713 11
380 3666 471 3714 adium
494 3660 521 3714 V
588 3660 704 3715 uidendo
722 3661 824 3716 Hartcl
894 3669 922 3752 pe
923 3661 1045 3734 fugieV
1086 3664 1118 3717 12
1138 3663 1301 3735 diregereB

172 3746 402 3848 liloportunaeB
438 3748 472 3801 14
485 3747 520 3803 ad
538 3764 602 3803 uos.
612 3749 786 3804 confidimus
800 3765 850 3804 om
861 3750 888 3802 B
925 3751 958 3805 15
971 3749 1109 3804 iuenntB
1133 3753 1179 3806 'l‘l
1194 3754 1302 3808 christi·

172 3923 235 3992 quin
253 3924 308 3990 tuis
331 3922 358 3976 V
420 3923 454 3978 20
472 3922 533 3978 tuas
552 3885 697 3980 electiones
714 3925 741 3978 Β
804 3927 837 3981 21
858 3942 981 3995 uanaque
1000 3943 1033 3981 ex
1053 3944 1122 3981 unna
1140 3931 1168 3982 te
1188 3946 1256 3984 corr.
1273 3885 1321 3992 Β,

173 4011 316 4064 concinant
332 4011 359 4063 B
447 4013 591 4067 contineris
608 4013 636 4067 Β
724 4015 757 4068 23
777 4014 915 4082 dedicistis
933 4015 961 4067 Β
1048 4015 1084 4069 24
1102 4018 1146 4069 est
1168 4017 1206 4071 V:
1229 4033 1256 4071 er
1273 4017 1299 4069 Β

172 4098 305 4152 iesumV
356 4101 390 4154 25
409 4100 456 4170 qui
473 4100 512 4154 B:
531 4117 582 4171 que
606 4101 632 4154 V
