2904 4672
566 238 652 309 Epist.
671 239 699 293 11
719 239 830 296 12-19.
873 260 875 264 >
1214 247 1252 310 11

137 432 245 498 decem
270 432 391 516 legatos
420 434 459 498 ad
485 435 701 519 imperatorem
727 436 942 502 Constantium
971 437 1152 514 scribentes,
1177 455 1254 519 quae

137 544 227 624 gesta
249 542 332 616 sunt,
352 543 385 605 et
406 540 566 607 hortantes
586 542 690 619 simul,
709 546 746 607 ut
763 542 831 624 ipse
849 561 971 625 quoque
990 543 1116 608 decreta
1131 545 1255 626 patrum

136 664 192 726 pro
214 644 275 710 fide
297 646 469 711 uenerabili
493 651 599 712 centra
621 649 794 713 haereticos
812 649 968 714 inuiolata
989 651 1138 714 semaret.
1186 645 1307 712 mit-16

94 797 104 814 .
137 751 210 815 tunt
231 769 305 815 sane
328 754 360 814 et
381 753 529 817 haeretiei
551 753 692 837 legatos:
718 773 795 836 qnos
818 757 893 819 tunc
910 755 1153 819 familiarissime
1172 757 1204 818 et
1220 759 1257 818 ut

102 875 213 922 ssuos
244 857 384 941 suscepit
415 857 635 935 Constantium
668 877 721 924 eos
752 878 827 924 uero
857 861 990 944 legatos,
1022 860 1077 943 qui
1110 878 1165 942 pro
1196 858 1256 923 lide

136 961 291 1027 catholica
309 965 416 1027 contra
433 963 605 1029 haereticos
624 960 782 1040 uenerant,
800 966 945 1047 reprobat
963 969 994 1030 et
1010 985 1066 1048 per
1083 983 1157 1030 suos
1176 973 1257 1029 nunc
1287 950 1288 953 ¹
1372 976 1374 981 ’

137 1068 239 1151 gratia
264 1069 387 1145 inuitat,
406 1089 498 1134 nunc
526 1069 619 1136 minis
645 1074 798 1153 perterret
819 1075 851 1136 et
872 1072 996 1137 interim
1020 1074 1087 1139 sola
1110 1071 1257 1138 dilatione

137 1174 316 1250 discmciat,
339 1178 376 1239 ut
397 1174 428 1239 in
452 1176 610 1254 ultimum,
633 1196 705 1241 curn
727 1177 804 1242 iram
826 1179 909 1262 regis
933 1181 1087 1255 metuunt,
1108 1197 1177 1243 cum
1197 1197 1256 1243 non

137 1279 304 1363 dignantur
329 1299 384 1362 pro
409 1281 531 1347 Chr-isto
559 1281 624 1347 filio
652 1281 701 1346 dei
730 1283 854 1348 erilium
877 1284 1007 1367 perpeti,
1033 1304 1103 1349 cum
1125 1284 1257 1367 propriis

92 1408 120 1447 ro
138 1385 265 1451 sedibus
294 1390 326 1451 et
352 1387 555 1452 ecclesiarum
581 1387 855 1471 perniciosissimis
881 1388 1133 1471 possessionibus
1157 1388 1258 1453 oblec-

137 1495 254 1566 tantur,
276 1492 462 1569 rescindant,
482 1493 565 1575 qnod
586 1493 637 1576 pie
659 1494 905 1572 uindicauerant,
924 1497 957 1558 et
974 1493 1156 1576 suscipiant,
1175 1492 1259 1575 quod

137 1600 175 1662 ut
194 1597 328 1680 impium
350 1597 582 1663 damnauerant.
649 1598 743 1664 liceat
773 1599 804 1662 in
827 1600 889 1664 hoc
910 1600 992 1682 apud
1014 1620 1071 1665 uos
1094 1597 1308 1682 religiosos17

137 1703 339 1787 imperatores
361 1703 393 1767 in
417 1689 512 1768 causa
535 1703 585 1768 dei
608 1703 764 1768 dolentius
782 1703 1002 1787 ingemiscere:
1026 1704 1165 1787 episcopi
1186 1704 1258 1785 plus

137 1809 216 1873 iram
237 1808 321 1893 regis
343 1808 455 1873 terreni
480 1809 653 1874 timuerunt
675 1828 767 1892 quam
792 1808 951 1874 Christum
977 1829 1088 1874 uerum
1111 1809 1204 1874 deum
1227 1811 1260 1872 et

92 1938 120 1978 ss
139 1914 362 1999 sempiternum
375 1933 494 1999 regem3
510 1915 638 1999 grauius
653 1915 778 1980 erilium
794 1917 965 1997 temporale
980 1933 1049 1980 esse
1064 1913 1260 1981 crediderunt

139 2038 232 2102 qnam
267 2023 448 2103 perpetuam
484 2038 616 2103 poenam
652 2020 824 2085 secundum
859 2020 985 2085 Esaiam
1019 2019 1258 2085 indormitabilis

137 2126 254 2191 uermis
281 2128 313 2191 et
344 2126 426 2211 ignis
456 2125 722 2210 inextinguibilis;
755 2126 901 2191 suaniora
931 2126 1107 2191 habuemnt
1136 2125 1260 2210 propria

138 2230 299 2296 domicilia
330 2233 363 2295 et
392 2229 609 2314 possessiones
641 2242 734 2314 qnam
760 2231 792 2295 in
819 2250 914 2315 reguo
943 2230 1059 2297 Christi
1081 2231 1204 2296 beatam
1228 2233 1260 2295 et

97 2416 100 2419 ,
136 2337 320 2421 perpetuam
355 2336 588 2402 habitationem.
621 2334 624 2335 ⁷
661 2337 716 2402 sed
753 2336 954 2402 Constantius
994 2355 1055 2401 non
1095 2338 1310 2402 contentus18

90 2453 120 2504 ‘so
136 2443 227 2507 ruina
254 2445 286 2507 et
311 2443 382 2507 labe
409 2442 516 2507 decem
543 2444 719 2526 legatorum
749 2442 850 2506 mittit
874 2440 1059 2520 Ariminum,
1089 2446 1126 2507 ut
1152 2461 1258 2507 omnes

136 2549 203 2614 illic
221 2548 362 2632 episcopi
380 2547 525 2612 similiter
542 2550 746 2612 necterentur.
762 2548 816 2630 qui
831 2550 865 2612 et
875 2547 939 2630 ipsi
952 2548 1036 2612 malo
1047 2548 1103 2613 illo
1117 2549 1258 2630 exemplo

135 2655 311 2738 legatorum
343 2670 470 2718 suorum
501 2652 584 2735 piam
616 2653 709 2718 fidem
739 2656 874 2735 patrum,
898 2672 992 2740 quam
1014 2651 1258 2730 uindicauerant,

136 2753 303 2842 reprobant
324 2758 557 2824 subscribentes
579 2758 610 2822 in
632 2759 688 2823 illa
709 2759 769 2824 fide
791 2759 1001 2837 Arrianomm,
1022 2777 1115 2841 quarn
1136 2758 1259 2841 integro

138 2869 170 2931 et
203 2866 301 2931 libero
318 2873 319 2877 ’
336 2864 452 2930 iudicio
489 2864 719 2929 damnauerant.
795 2864 931 2929 aduertit
966 2864 1118 2947 sapientia
1153 2863 1310 2929 uestralll

91 2989 119 3030 ss
136 2970 362 3043 Ariminensem
394 2970 547 3054 synodum
577 2970 720 3052 piissime
747 2972 890 3053 coeptam
913 2970 969 3035 sed
990 2969 1176 3053 impiissime
1198 2972 1260 3034 ter·

137 3079 297 3144 minatam.
330 3076 438 3141 eadem
470 3078 575 3141 666666
607 3077 639 3140 et
670 3075 753 3158 apud
776 3073 952 3140 Seleuciam
974 3074 1111 3139 Isauriae
1134 3075 1173 3138 ab
1197 3076 1259 3158 epi·
1357 3094 1360 3100 ·

137 3183 241 3265 scopis
263 3183 409 3266 impietas
433 3181 601 3247 commissa
624 3183 681 3245 est.
709 3179 855 3257 iudicate,
878 3181 1014 3263 piissimi
1037 3182 1070 3244 et
1090 3180 1259 3265 religiosis·

137 3288 209 3354 simi
230 3287 444 3371 imperatores,
462 3287 494 3350 in
519 3305 580 3369 quo
603 3286 648 3351 rei
671 3288 746 3350 sunt
768 3288 800 3350 et
820 3285 852 3350 in
876 3304 938 3368 qne
961 3289 1119 3350 merentur
1141 3285 1258 3369 adfligi,

137 3393 191 3477 qui
212 3393 324 3458 nolunt
346 3412 418 3458 oum
440 3392 557 3457 talibus
581 3391 736 3476 episcopis
759 3391 933 3469 conuenire,
953 3392 1007 3473 qui
1029 3409 1101 3456 cnm
1123 3391 1259 3473 primum

91 3519 118 3561 ao
136 3498 230 3563 fidem
242 3498 396 3583 integram
413 3497 608 3571 uindicarent
620 3500 653 3561 et
664 3497 791 3580 impiam
809 3496 904 3561 fidem
915 3497 1125 3580 reprobarent,
1138 3498 1258 3579 postea,

136 3622 209 3668 cum
230 3606 377 3669 metuunt
394 3603 529 3682 exilium,
549 3623 621 3668 curn
643 3602 737 3668 rebus
760 3603 825 3668 suis
849 3605 881 3667 et
903 3594 1030 3666 sedibus
1054 3602 1258 3677 oblectantur,
1338 3592 1339 3595 '

136 3713 266 3774 uertunt
286 3702 467 3788 sententias,
490 3709 671 3774 damnantes
694 3709 733 3798 ad
755 3712 867 3774 nutum
889 3708 1038 3774 baeretici
1063 3706 1259 3789 imperatoris

160 3977 161 3980 p
225 3883 484 3963 rossensem

172 4021 205 4076 10
223 4022 378 4091 perniciosis
397 4021 468 4075 siriis
482 4021 513 4083 V,
532 4037 623 4076 corus
661 4022 691 4074 11
707 4021 861 4075 rescindunt
874 4021 905 4086 V,
917 4037 1009 4076 cosmo
1062 4019 1213 4089 suscipiunt
1226 4018 1257 4079 V,

137 4126 228 4164 corae
266 4110 299 4164 13
311 4109 524 4180 ingemissereV
557 4109 797 4163 ascomannorum
810 4109 840 4175 V,
851 4125 918 4164 cerr.
929 4108 1009 4164 Sirm.
1045 4108 1221 4178 29quiorqu
1235 4106 1263 4159 V
