2904 4672
128 253 193 315 310
402 249 496 318 bigilii
514 251 688 303 cirnslitulum
706 250 739 304 de
758 251 843 304 tribus
862 251 986 320 capitulis

126 446 303 506 sanctornm
339 446 463 524 patrum
497 461 554 506 nos
590 441 620 505 in
657 441 799 507 omnibus
832 445 1050 506 conseruantes
1082 446 1115 507 et
1145 463 1246 508 rerum

126 548 263 612 omnium
291 548 494 631 dispositione
521 547 692 612 seeundum
721 567 798 624 eam,
825 566 918 628 quam
946 547 1149 627 reddidimus,
1176 551 1246 614 rati·

125 671 215 716 oriem
247 672 283 716 ex
315 652 552 718 Calcedonensis
584 653 693 735 synodi
725 652 841 716 iudicio
873 652 1035 722 declarata.
1069 673 1141 719 eum
1169 655 1244 718 satis

123 757 319 838 apertissima
340 759 444 822 luceat
466 759 597 822 uentate
621 777 656 822 ex
679 757 783 822 uerbis
806 758 954 839 epistolae
977 758 1036 822 uiri
1058 760 1243 824 uenerabilis

123 861 196 927 lbae
216 863 392 928 rectissimo
417 882 451 946 ao
474 863 525 945 pio
548 862 711 927 intellectu
733 862 903 944 perspectis
927 866 960 927 et
981 883 1017 928 er
1040 865 1140 948 gestis
1163 865 1244 949 apud
1269 892 1280 931 a

122 967 270 1033 Plrotium
302 973 333 1032 et
364 967 564 1032 Ilustathium
596 967 712 1032 habitis
743 971 775 1031 et
806 987 842 1032 er
872 968 972 1050 ipsius
1003 971 1077 1034 Ibae
1105 970 1243 1053 episcopi

121 1074 292 1154 praesentis
314 1092 333 1137 a
354 1073 568 1156 praesentibus
590 1073 761 1138 intentione
783 1072 925 1138 discussa
946 1077 1049 1156 patres
1072 1079 1195 1140 nostros
1211 1077 1242 1140 in

122 1175 317 1243 Calchedona
351 1179 524 1244 residentes
559 1178 733 1245 iustissime
771 1178 970 1244 orthodoxam
1006 1179 1147 1245 eiusdem
1183 1181 1241 1246 uiri

123 1283 307 1348 uenerabilis
329 1285 403 1349 Ibae
426 1285 564 1367 episcopi
582 1284 796 1368 pronuntiasse
815 1284 907 1349 fidem
927 1287 958 1349 et
974 1285 1242 1366 reprehensionem

119 1387 204 1453 beati
241 1389 358 1472 cyrilli,
396 1410 487 1473 quam
524 1391 704 1455 humanitus
745 1409 798 1473 per
838 1408 971 1455 errorem
1011 1390 1241 1475 intellegentiae
1257 1421 1278 1462 a

34 1497 98 1562 283
121 1494 262 1559 euenisse
279 1500 498 1580 cognorerunt,
513 1514 649 1580 congrua
663 1496 873 1561 satisfactione
882 1500 1059 1580 purgatam:
1069 1498 1240 1582 praesentis

119 1601 291 1664 sententiae
312 1607 436 1666 nostrae
454 1602 639 1667 auctoritate
657 1602 824 1667 statuimus
843 1603 936 1683 atque
955 1601 1150 1667 decernimus
1169 1622 1240 1668 cum

118 1702 149 1767 in
179 1706 322 1770 omnibus
349 1710 415 1770 tum
445 1708 537 1772 etiam
561 1708 592 1772 in
617 1708 742 1790 saepius
764 1710 934 1772 memorate
956 1707 1145 1772 uenerabilis
1168 1707 1240 1772 lbae

119 1809 252 1892 epistola
294 1811 512 1876 intemeratum
541 1826 542 1829 ’
556 1814 680 1895 patrum
723 1811 754 1875 in
801 1810 995 1877 Calchedona
1037 1812 1240 1877 residentium

118 1898 242 1982 manere
271 1916 421 1981 iudicium
456 1914 514 1981 irec
549 1935 735 2000 quemquam
772 1917 811 1981 ad
847 1917 968 1983 ordines
1005 1920 1037 1982 et
1072 1918 1239 2001 dignitates
1256 1949 1282 1990 a.

120 2021 348 2088 ecclesiasticas
376 2022 582 2105 pertinentem
609 2021 865 2097 hocconst‘tuto
892 2025 997 2088 nostro
1028 2024 1240 2106 permittimus

120 2126 283 2208 aliquando
306 2147 501 2211 praesumere
524 2128 575 2194 uel
598 2147 692 2210 super
713 2127 853 2193 eiusdem
876 2127 1025 2211 epistolae
1044 2129 1169 2212 negotio
1188 2131 1240 2195 uel

120 2231 189 2296 aliis
225 2233 256 2296 in
294 2233 538 2299 calchedonensi
574 2233 704 2298 coneilio
741 2252 893 2299 consensu
930 2231 1116 2298 uicariorum
1155 2234 1239 2299 sedis

118 2335 305 2418 apostolic’ae
319 2339 466 2403 indicatis
480 2338 629 2403 ordinatis
644 2339 778 2403 definitis
794 2342 887 2422 atque
902 2338 1063 2427 dispositis
1077 2342 1240 2421 tamquam

117 2439 306 2522 imperfectis
325 2446 419 2525 atque
437 2443 729 2525 reprehensibilibus
748 2445 815 2508 siue
833 2463 888 2526 per
905 2443 1151 2509 additamentum
1171 2445 1239 2510 siue
1255 2479 1278 2519 ω

117 2565 172 2628 per
185 2544 422 2614 diminutionem
442 2549 509 2614 siue
527 2568 583 2631 per
596 2549 848 2614 immutationem
862 2550 915 2613 uel
929 2568 1052 2632 quoquo
1071 2551 1165 2615 modo
1184 2551 1238 2615 ali·

30 2661 94 2726 284
116 2653 191 2734 quid
213 2653 393 2720 temerariae
415 2654 565 2720 nouitatis
592 2654 713 2719 inferre.
742 2654 806 2736 pari
829 2655 946 2721 ratione
969 2655 1176 2734 decernimus,
1200 2667 1238 2720 n‘e

116 2756 281 2840 quisquam
296 2759 444 2840 epistolae
458 2760 542 2825 beati
551 2758 669 2843 cyrilli,
680 2759 730 2824 cui
745 2760 911 2825 duodecim
921 2763 995 2824 sunt
1004 2760 1238 2846 subiectaeapi·

114 2861 191 2939 tela,
208 2862 259 2928 uel
276 2862 354 2945 ipsis
374 2863 520 2946 capitulis
536 2863 688 2929 aduersus
702 2864 839 2930 Nestorii
853 2864 1014 2948 perfidiam
1027 2867 1237 2952 promulgatis

115 2967 273 3032 existimet
299 2967 519 3053 derogandum,
544 2970 618 3034 dum
646 2973 769 3035 constet
791 2971 923 3035 eundem
945 2972 1031 3036 Ibam
1055 2972 1159 3037 uirum
1183 2993 1236 3039 ue·
1252 3007 1277 3047 ,ὅ

114 3072 280 3137 notabilem
301 3073 354 3136 uel
370 3072 668 3139 omnes'Orientales
688 3073 851 3157 episcopos
869 3079 941 3159 post
959 3077 1153 3159 explanatum
1174 3078 1235 3144 sibi

115 3178 281 3242 eorundem
300 3178 506 3261 capitulorum
524 3179 720 3246 intellectum
737 3162 819 3245 beati
835 3179 942 3264 Cyrilli
955 3182 1235 3250 communicatores

112 3286 179 3348 toto
198 3284 282 3349 uitae
306 3285 373 3350 eius
395 3287 534 3368 tempore
556 3286 774 3369 permansisse,
794 3286 961 3351 abicientes
981 3305 1017 3350 ea
1039 3291 1071 3351 et
1094 3307 1113 3351 a
1135 3291 1234 3354 nostrl

111 3387 292 3455 intellectus
305 3390 491 3457 rectitudine
508 3393 704 3474 repellentes,
719 3392 750 3457 in
766 3392 879 3475 quibus
895 3393 946 3457 uel
961 3412 996 3457 ex
1010 3393 1234 3477 suprascripta
1319 3425 1322 3430 ·

113 3495 246 3577 epistola
273 3496 332 3560 uiri
359 3497 546 3562 uenerabilis
573 3498 647 3562 ibae
676 3497 813 3580 episcopi
841 3497 891 3562 uel
916 3518 951 3562 ex
974 3499 1130 3576 omnibus,
1154 3517 1232 3582 qnae
1248 3534 1273 3573 ee

146 3685 382 3756 idispositlonem
400 3686 468 3741 Bor.
521 3687 740 3743 bcaleedonenei
763 3688 793 3752 V,
813 3704 912 3742 corano
986 3687 1149 3742 declaratam
1161 3689 1231 3742 Bor.

111 3774 360 3828 beuslachiumV
447 3775 480 3830 13
501 3779 558 3829 tum
577 3775 616 3830 0²:
639 3776 762 3831 tuamV
849 3777 882 3829 14
904 3775 1044 3846 epistolam
1068 3775 1099 3838 V,
1119 3792 1186 3831 corr.
1205 3774 1231 3827 ο2

112 3861 145 3915 l‘l
171 3862 308 3930 negotium
331 3862 362 3925 V,
382 3864 485 3917 commi
587 3863 619 3917 18
646 3854 784 3918 concilium
809 3863 840 3918 V.
859 3879 927 3918 corr.
947 3862 973 3915 0²
1074 3864 1108 3918 23
1136 3872 1185 3933 cap
1210 3863 1233 3913 V

111 3949 144 4003 25
163 3966 220 4002 cum
234 3948 302 4003 Bar.
374 3950 460 4003 uirum
478 3950 657 4005 uenerabilem
674 3952 772 4020 scripsi
777 3969 785 4000 .·
802 3936 840 4004 ii
857 3951 887 4015 V,
907 3967 956 4005 coa.
971 3950 1039 4004 Bor.
1093 3952 1128 4005 28
1147 3953 1229 4005 nostrl

115 4036 151 4090 V:
169 4038 225 4090 ueri
242 4036 312 4091 Bor.
370 4039 404 4091 29
422 4037 582 4092 rectitudine
601 4054 633 4093 coc
649 4038 809 4093 rectitudine
828 4054 895 4094 corr.
918 4038 945 4091 V
998 4039 1032 4092 30
1051 4039 1102 4094 uiri
1120 4056 1229 4093 uenera-

109 4123 172 4178 bilis
190 4125 300 4193 scra'psa':
316 4108 353 4179 ἷιῖι
377 4124 408 4188 V,
428 4125 505 4178 unius
524 4123 550 4176 0²
567 4125 636 4180 Bur.
