2904 4672
575 243 860 312 Prolegomena.
1058 307 1059 310 ,
1164 246 1280 310 LXVII

162 436 354 518 interpretem
386 436 483 500 semel
515 440 607 518 atque
634 436 752 500 ¹iterum
781 437 836 500 aut
861 454 988 500 munere
1013 455 1070 501 sno
1093 457 1204 520 parum
1228 437 1279 502 ad-

162 544 260 607 curate
278 541 421 606 functum
440 560 509 606 esse
528 546 583 606 ant
602 542 726 606 omnino
745 542 912 606 uerbomm
929 541 1110 607 Latinomm
1129 562 1279 609 conexum

160 667 213 713 non
244 647 447 713 intellexisse.
471 647 561 712 cuius
591 647 637 712 rei
668 665 837 730 proponam
865 649 1005 730 exempla
1030 667 1131 730 pauca
1154 648 1279 732 quidem

160 753 210 818 sed
225 754 265 818 ad
280 752 532 836 persuadendum
555 753 727 834 aptissima.
751 773 799 838 ep.
820 755 882 818 140
905 755 924 838 ξ
948 755 988 818 13
1011 754 1102 820 initio
1126 758 1163 821 ut
1183 756 1280 839 Eum-

159 859 252 925 chetis
284 859 485 941 Nestoriiqne
518 859 666 924 doctrinis
702 879 795 942 qnam
831 859 1079 943 pertinacissime
1114 860 1281 926 resistatur

157 985 234 1050 papa
261 966 311 1030 his
341 966 486 1030 admonet
515 965 618 1030 uerbis
648 963 785 1050 (58011)²
809 965 975 1030 adrasum
1000 964 1063 1041 bas,
1091 966 1281 1030 dilectisimi

156 1072 276 1151 patres,
296 1073 427 1152 pronisa
452 1071 589 1148 renitentia
617 1071 687 1135 illa
717 1072 834 1135 antimi
859 1072 999 1135 nirtnte
1025 1069 1186 1154 defendite,
1209 1093 1280 1152 qna

156 1178 185 1241 in
205 1177 434 1257 labefactionem
455 1197 559 1241 eornm
579 1177 692 1242 nidetis
713 1176 879 1240 trameticos
909 1178 1100 1257 impietate
1125 1199 1279 1263 pnpnarc.

157 1303 233 1367 qnae
265 1303 374 1368 graece
404 1303 554 1349 connnersa
586 1286 659 1348 snnt
676 1283 726 1347 ita
749 1281 884 1369 (58¹1s)²
914 1281 991 1345 κατοὶ
1013 1283 1132 1363 τούτων,
1156 1280 1281 1369 ἀδελφοὶ

156 1387 309 1474 ἀγαπητοὶ,
333 1391 560 1473 apostemate
580 1385 712 1473 tarpeiae·
736 1387 887 1459 ἐκείνας
920 1394 964 1473 τη
996 1395 1062 1450 τοῦ
1091 1387 1280 1470 λογισμοῦ

155 1494 312 1576 δυνάμει
333 1492 545 1577 irradiationes,
576 1489 700 1575 ἐπειδὴ
729 1490 772 1563 εἰς
793 1489 960 1575 ἀνατροπὴν
984 1484 1078 1553 αὐτῶν
1101 1487 1190 1574 ὁμέτε
1211 1490 1280 1562 τοὺς

156 1594 318 1680 αἱμετικούς
348 1595 409 1658 διαὶ
441 1605 511 1680 της
543 1596 723 1678 ἀσεβείας
754 1599 956 1681 μαχομένοις.
985 1595 1115 1678 prouisa
1144 1595 1280 1660 remedia

155 1702 251 1786 igitur
282 1702 502 1784 interpretatus
535 1705 583 1766 est
615 1701 704 1784 quasi
735 1703 820 1766 esset
841 1701 1056 1766 nominatione
1079 1701 1280 1785 supplenique

155 1807 281 1878 deberet
311 1812 392 1886 sant,
425 1807 533 1872 deinde
565 1807 738 1872 ablatinnm
769 1806 825 1870 illa
856 1804 896 1870 ad
925 1808 1042 1870 airtnte
1071 1808 1278 1890 pertinentem

155 1914 244 1978 uelut
267 1913 483 1978 accusatiunm
505 1913 630 1977 rettulit
652 1913 691 1977 ad
712 1913 848 1977 ranedia
871 1921 903 1977 et
923 1931 979 1995 pro
1002 1933 1064 2007 qna
1082 1912 1279 1978 substituens

153 2015 252 2102 ἐπειδη
280 2022 436 2101 comptam
461 2020 683 2084 sententiarum
707 2039 817 2084 nexum
840 2019 966 2100 penitus
991 2019 1115 2084 euertit.
1183 2019 1274 2102 576²1

154 2142 205 2187 erec
232 2125 406 2188 continnae
432 2122 466 2209 (i.
491 2144 517 2189 e.
539 2123 670 2207 seraper)
689 2126 792 2207 prepis
813 2125 864 2188 sni
885 2143 956 2188 anns
972 2125 1097 2206 patitnr
1123 2124 1279 2188 insidian-

155 2229 232 2292 tinm
254 2229 394 2310 tnparnm
417 2232 588 2310 rapacitate
603 2230 752 2310 discerpi.
775 2230 926 2312 interpres
950 2224 1034 2315 (oeae
1061 2238 1115 2314 τῆς
1135 2225 1279 2314 ἡνωμέ-

155 2353 221 2418 νης
245 2329 335 2398 αὐτοῦ
357 2336 494 2418 ποίμνης)
517 2336 585 2399 sine
603 2336 683 2420 legit
701 2335 768 2400 siue
787 2335 939 2399 intellexit
956 2335 1153 2398 continnae
1167 2334 1279 2416 prepis.

157 2441 248 2524 5821„
269 2440 305 2503 in
326 2440 410 2523 repta
432 2438 523 2504 Orias
538 2442 713 2506 renerentia
730 2445 758 2505 ct
775 2440 1043 2504 administratione
1056 2444 1280 2520 permanserat,

156 2545 184 2608 si
207 2545 343 2608 manitas
374 2549 477 2610 tantae
504 2547 705 2628 districtionis
733 2545 866 2627 merrnpto
898 2544 1091 2627 arelnpiasis
1120 2547 1281 2620 institutis,

157 2651 288 2714 tiennendo
315 2671 407 2730 qanta
434 2653 622 2716 adsnnnendo
648 2653 785 2727 inaniora,
813 2655 1017 2733 temperasset.
1044 2651 1197 2734 interpres
1219 2669 1279 2716 non

157 2752 340 2839 intellegens
373 2761 569 2837 temperasset
600 2758 851 2843 coniungendnm
883 2775 952 2822 esse
985 2775 1057 2821 cum
1083 2777 1104 2819 a
1129 2757 1282 2841 rebipiosis

158 2863 308 2925 institutis
338 2861 518 2927 foedissime
551 2864 755 2946 interpolauit
788 2860 818 2925 ’ἐν
850 2869 891 2945 τῷ
922 2872 985 2944 ναῷ
1000 2862 1023 2942 1)
1053 2857 1156 2932 Ὀζίας
1186 2860 1216 2925 έν
1243 2871 1281 2948 τη

159 2960 297 3048 εὐλαβείᾳ
321 2970 373 3030 mi
400 2976 437 3054 τη
468 2963 612 3050 ὑπηρεσία
640 2969 786 3052 διέμεινεν·
817 2965 843 3027 εὶ
871 2967 912 3027 δὲ
933 2967 1129 3050 νουθετηθεὶς
1146 2974 1187 3049 sip
1210 2960 1282 3028 bno-

159 3069 289 3152 δείγματι
323 3080 377 3156 της
416 3072 562 3155 τοσαύτης
594 3069 777 3156 satalites<
813 3068 871 3132 ἀπὸ
907 3079 965 3131 τῶν
1000 3066 1085 3152 ἱερῶν
1123 3067 1279 3139 διατάξεων

159 3169 330 3260 ἐφοβήθη
355 3175 468 3260 μᾶλλον
490 3170 510 3259 ἢ
532 3173 735 3259 κατετόλμηοε
756 3175 875 3250 τούτων,
898 3170 1052 3256 ἄμεινον
1079 3170 1119 3232 ἂν
1149 3168 1281 3252 ἐβασί-

159 3278 307 3341 λευσεν.
374 3280 449 3353 5845
478 3280 579 3344 sciant
609 3298 678 3360 erpo
709 3299 770 3341 none
801 3298 864 3342 csse
895 3281 1018 3357 accepta
1048 3276 1112 3350 cleo,
1144 3295 1222 3356 pane
1244 3274 1282 3337 dc

161 3384 314 3446 nrandatis
343 3385 409 3448 eins
436 3408 457 3449 a
480 3384 766 3466 praesumpta-tans
792 3384 1006 3457 adsnmnntnr,
1038 3380 1160 3464 pnando
1185 3401 1282 3443 arnam

195 3614 212 3675 ι)
232 3609 352 3664 Thielins
371 3614 398 3680 (p
421 3611 485 3664 anat
502 3612 675 3680 interpretem
693 3609 829 3679 scripsisse
844 3609 941 3663 conicit
959 3607 986 3661 ἐν
997 3614 1048 3661 »τοῦ
1068 3605 1179 3668 ἄνακτος
1193 3603 1281 3666 Ὀζίας

161 3693 188 3746 ἄν
206 3703 239 3767 τῇ
258 3695 395 3766 εὐλαβείᾳ.
406 3740 412 3751 ,
423 3697 551 3770 διέμεινεν,
574 3698 622 3752 sed
643 3699 710 3752 haee
727 3697 829 3752 Graeca
850 3714 907 3751 esee
929 3713 1022 3750 uereor
1039 3697 1071 3748 ut
1088 3710 1121 3748 ne
1139 3692 1281 3762 interpreti

160 3784 266 3852 quidem
289 3781 375 3838 uideri
398 3785 543 3856 potuerint.
569 3784 596 3837 ἓν
620 3789 657 3857 τῷ
676 3789 730 3858 ναῷ
754 3786 821 3839 mihi
844 3787 884 3839 ita
908 3782 1090 3854 explicandum
1115 3780 1230 3843 uidetur,
1250 3783 1282 3832 ut

160 3873 289 3943 interpres
310 3873 343 3927 in
364 3875 440 3944 repta
460 3877 576 3928 sumeret
597 3874 693 3946 proin
711 3890 772 3928 arce
789 3875 864 3944 repta
882 3873 929 3927 sed
946 3872 1099 3926 recordatus
1118 3869 1211 3925 Oniam
1227 3885 1282 3922 non

161 3960 188 4014 in
205 3977 253 4015 suo
275 3954 377 4032 palatio
400 3960 506 4017 adolere
528 3962 645 4016 uoluisse
667 3962 805 4016 incensum
827 3979 906 4031 super
928 3961 1012 4015 altare
1033 3957 1216 4030 thymiamatis
1234 3954 1282 4008 sed

161 4048 308 4118 ingranam
330 4050 458 4119 templum
482 4049 582 4103 domini
602 4049 727 4119 (Paralip.
745 4049 773 4103 11
791 4049 898 4114 nane)
915 4065 962 4118 pro
981 4063 1040 4101 arce
1057 4045 1133 4115 regia
1151 4043 1282 4097 substitn·
1392 4074 1394 4076 -

162 4140 217 4191 oret
233 4138 370 4208 templmn.

1178 4235 1209 4290 οὔ
