2904 4672
229 251 249 314 2
376 245 451 313 Quae
468 249 546 317 gesta
563 251 627 301 suut
643 246 713 300 inter
729 244 865 300 Liberium
884 248 913 299 et
928 244 1045 300 Felicem
1064 247 1202 317 episcopos

228 438 365 504 Felicem
391 439 640 524 archidiaconum
669 438 844 503 ordinatum
870 438 900 502 in
927 439 997 504 loco
1025 439 1140 504 Liberii
1166 439 1354 522 episcopum

230 549 443 630 susceperunt.
467 545 551 626 quod
573 545 691 608 factum
715 545 861 609 uniuerso
884 552 1000 628 populo
1024 545 1186 629 displicuit
1208 549 1241 611 ot
1258 564 1293 611 se
1312 546 1354 610 ab

185 650 206 712 3
230 651 297 717 eius
323 652 521 734 processione
548 649 721 732 suspendit.
771 654 844 732 post
870 669 967 715 annos
996 649 1073 716 duos
1101 651 1188 714 uenit
1218 651 1355 716 Romam

230 756 431 823 Constantius
453 756 639 839 imporator;
663 775 717 839 pro
736 756 858 821 Liberio
877 760 1004 841 rogatur
1022 776 1040 820 a
1057 758 1183 840 populo.
1207 757 1261 839 qui
1279 776 1356 821 mox

230 881 366 927 annuens
394 863 439 927 ait
460 862 591 926 ‘habetis
619 861 787 938 Liberium,
816 862 879 944 qui,
908 862 1009 944 qualis
1033 882 1051 926 a
1073 862 1163 926 uobis
1190 861 1355 944 profectus
1386 882 1399 922 a

230 971 288 1043 ast,
320 968 430 1032 melior
459 969 652 1036 reuertatur.
685 968 744 1031 hoc
777 971 881 1032 autem
918 969 955 1031 do
992 986 1146 1033 consensu
1178 967 1257 1036 eius.
1291 986 1356 1049 quo

229 1089 341 1138 manus
363 1072 509 1155 perfidiae
533 1073 670 1147 dederat,
692 1073 858 1138 indicabat.
882 1072 974 1137 tertio
998 1091 1077 1136 anno
1099 1073 1181 1136 redit
1198 1073 1355 1146 Liberius,

231 1180 283 1250 cui
301 1179 425 1244 obuiam
444 1198 515 1244 oum
534 1178 803 1263 gaudiopopulus
817 1179 976 1244 Romanus
996 1177 1101 1246 exiuit.
1120 1179 1208 1243 Felix
1226 1181 1357 1244 notatus

231 1306 250 1350 a
272 1288 382 1350 senatu
403 1285 456 1349 uel
477 1286 594 1369 populo
618 1285 655 1348 de
678 1286 754 1350 urbe
777 1284 969 1367 propellitur.
995 1287 1027 1349 et
1048 1287 1121 1366 post
1142 1303 1253 1367 pamm
1275 1287 1357 1348 tem-

118 1391 122 1400 '
230 1390 315 1473 poris
337 1390 476 1473 impulsir
495 1389 689 1467 clericorum,
708 1389 762 1470 qui
779 1391 1007 1472 peiurauerant‚
1026 1389 1178 1471 inrumpit
1193 1389 1225 1452 in
1245 1388 1357 1452 urbem
1377 1413 1402 1452 ιο

233 1501 266 1563 at
286 1496 453 1563 stationem
474 1495 507 1560 in
531 1496 705 1568 (basilica)
728 1495 790 1559 Iuli
813 1499 897 1560 trans
916 1495 1051 1559 Tiberim
1077 1494 1148 1558 dare
1170 1494 1357 1576 praesumit.

233 1622 325 1686 quam
357 1603 457 1668 omnis
489 1601 660 1668 multitudo
688 1601 827 1665 fidelium
856 1603 888 1665 et
909 1619 1052 1683 proceres
1080 1600 1118 1664 de
1143 1600 1217 1664 urbe
1239 1600 1359 1664 iterum

188 1714 210 1777 4
232 1727 304 1774 cum
327 1727 439 1793 magno
463 1708 613 1773 dedecore
634 1707 843 1789 proiecerunt.
888 1709 961 1788 post
979 1725 1075 1771 annos
1095 1709 1164 1771 octo
1183 1704 1360 1771 Ualentini·

233 1832 291 1879 ano
323 1817 355 1879 et
380 1812 512 1879 Ualente
544 1812 728 1878 consulibus
756 1813 786 1876 X
811 1811 1022 1876 Kalendarum
1053 1811 1273 1876 Decembrium
1305 1811 1360 1876 die

233 1918 401 1986 defunctus
428 1922 478 1984 est
500 1919 596 1983 Felix.
624 1916 1038 2010 Liberiusnmisericordiam
1064 1917 1139 1982 iecit
1160 1917 1192 1981 in
1215 1916 1359 2003 clericos,
1379 1942 1402 1980 n

234 2025 288 2108 qui
326 2025 554 2108 peiurauerant‚
588 2042 703 2105 eosque
739 2024 817 2088 locis
856 2023 990 2107 propriis
1032 2023 1179 2105 suscepit.
1216 2024 1360 2105 itemque

234 2133 347 2194 octauo
377 2128 536 2194 Kalendas
568 2127 694 2194 Octobr.
728 2127 875 2192 Gratiano
911 2130 944 2192 et
975 2128 1138 2212 Dagalaifo
1174 2129 1359 2193 oonsulibus

190 2239 210 2305 5
233 2235 375 2299 Liberius
394 2234 539 2299 humanis
557 2234 650 2300 rebus
670 2234 823 2300 eximitur.
868 2237 944 2298 tunc
961 2233 1134 2318 presbyteri
1157 2235 1189 2299 et
1211 2232 1359 2298 diacones

233 2340 367 2408 Ursinus
389 2340 555 2406 Amantius
584 2344 615 2406 ct
637 2340 745 2422 Lupus
773 2357 844 2404 cum
870 2340 962 2421 plebe
990 2342 1107 2418 sancta,
1131 2357 1210 2421 quae
1232 2339 1358 2404 Liberio

232 2446 327 2512 fidem
358 2447 539 2511 seruauerat
567 2445 600 2509 iu
627 2445 717 2510 exilio
749 2444 932 2522 constituto,
965 2445 1134 2527 coeperunt
1163 2444 1194 2508 in
1227 2443 1360 2510 basilica
1375 2471 1402 2512 ao

232 2551 296 2617 luli
321 2550 488 2636 procedere
516 2554 548 2614 ct
575 2550 636 2615 sibi
659 2549 809 2616 Ursinum
837 2549 1001 2614 diaconum
1027 2549 1209 2631 pontificem
1230 2548 1263 2613 in
1286 2551 1358 2614 loco

234 2657 348 2723 Liberii
372 2656 504 2721 ordinari
528 2655 718 2739 deposcunt;
746 2655 861 2737 periuri
882 2673 956 2720 uero
979 2658 1011 2719 in
1034 2654 1160 2719 Ducinis
1183 2655 1359 2720 Damasum

235 2763 296 2829 sibi
322 2763 516 2845 episcopum·
531 2761 562 2824 in
589 2760 659 2825 loco
686 2760 800 2825 Felicis
827 2762 1035 2853 erpostulant.
1063 2759 1212 2826 Ursinum
1237 2760 1359 2826 Paulus

234 2867 417 2935 'tiburtinus
436 2865 602 2957 episcopus
620 2865 786 2931 benedicit.
806 2866 890 2948 quod
907 2867 963 2931 nbi
976 2866 1143 2943 Damasus,
1163 2865 1217 2949 ῼί
1235 2885 1361 2949 semper

235 2970 450 3058 episcopatum
482 2971 642 3047 ambierat,
669 2972 830 3054 comperit,
858 2991 965 3038 omnes
997 2972 1210 3056 quadrigarios
1242 2975 1274 3036 et
1299 2972 1359 3036 im·
1378 2999 1403 3040 n

234 3076 367 3162 peritam
387 3076 623 3147 multitudinem
648 3077 749 3159 pretio
776 3078 915 3143 concitat
937 3081 969 3142 et
991 3080 1129 3142 armatus
1156 3077 1294 3143 fustibus
1318 3078 1360 3142 ad

233 3172 397 3251 basilicam
418 3182 480 3248 Iuli
502 3183 676 3266 perrumpit
697 3185 730 3248 et
747 3201 860 3268 magna
876 3183 1017 3248 fidelium
1036 3183 1129 3248 caede
1146 3183 1360 3267 pertriduum

190 3297 212 3362 6
237 3289 447 3358 debacchatus
470 3292 529 3357 est
573 3291 648 3373 post
668 3289 736 3354 dies
759 3278 880 3371 septem
903 3308 976 3355 cum
1003 3290 1148 3355 omnibus
1170 3288 1303 3374 periuris
1327 3295 1361 3356 et

269 3497 288 3553 2
302 3496 435 3553 uniuerso.
445 3495 478 3564 V,
492 3497 565 3566 quod
577 3513 670 3552 moneo
684 3502 780 3552 contro
788 3497 928 3568 Meyeruer
974 3497 993 3552 4
1006 3499 1191 3553 constantinus
1204 3497 1236 3565 V,
1250 3514 1317 3554 corr.
1331 3497 1363 3554 o².

236 3586 253 3640 5
270 3581 406 3641 babebitis
423 3585 581 3644 dubitanter
598 3585 693 3656 Meyer
782 3587 812 3640 ll
832 3585 882 3640 iuli
898 3585 987 3641 Votic.
1007 3589 1100 3641 3786:
1117 3586 1167 3640 uili
1189 3586 1221 3652 V,
1240 3586 1301 3641 iulii
1318 3585 1361 3655 οξ·

236 3672 355 3738 basilica,
372 3673 447 3743 qaod
464 3673 718 3729 correlationem·
735 3674 784 3742 (cf.
798 3672 818 3744 ἕ
834 3677 874 3742 ὅ),
893 3679 957 3729 eote
973 3676 1048 3728 tram
1059 3674 1202 3730 instruito
1258 3676 1290 3730 15
1304 3675 1360 3730 cle·

236 3777 281 3815 ros
302 3759 334 3824 V,
352 3775 420 3818 corr.
440 3758 468 3832 ρ’
539 3761 571 3815 lb
592 3761 620 3815 in
643 3759 709 3815 locis
728 3779 746 3813 a
763 3760 844 3817 Siros.
917 3762 948 3816 17
966 3760 1103 3816 Kalendas
1121 3760 1245 3817 Octobris
1263 3761 1361 3818 Scan..-

237 3847 366 3904 Kalendio
383 3842 463 3904 octob
485 3847 513 3904 V
580 3847 709 3919 dagalaiir
734 3850 797 3918 fort.
817 3847 846 3901 α’
929 3849 964 3905 20
982 3849 1040 3904 exio
1064 3849 1095 3916 V,
1114 3865 1216 3905 corno
1286 3851 1360 3906 basi·

235 3939 316 3995 licam
335 3937 432 4010 Meyer
519 3938 553 3993 22
577 3937 693 4009 periuria
721 3937 752 4003 V,
776 3953 876 3994 como
965 3938 1363 4009 recommemorent

236 4025 530 4082 alternaturam:
553 4028 670 4086 armatos
696 4026 728 4092 V,
751 4041 803 4094 quo
824 4029 934 4082 emoto
954 4043 1008 4097 pro
1031 4028 1180 4098 perrumpit
1203 4021 1361 4084 dubitanter

236 4113 360 4187 perducit
370 4115 504 4185 proponit
519 4114 614 4188 Meyer
