2904 4672
176 244 240 308 458
321 238 444 295 Gelasius
462 238 483 295 I.
502 238 645 293 aduersum
663 235 877 292 Andromachum
895 240 988 291 contra
1005 235 1165 309 Lupercalia

176 454 212 499 an
234 437 410 499 nostrorum
434 432 545 497 merita
566 434 776 513 peccatorum,
800 430 838 495 de
862 430 976 514 quibus
999 431 1074 496 olim
1098 432 1221 498 dictum
1247 439 1311 500 est:

1180 543 1219 604 et

235 644 436 727 Quicquid
458 644 622 710 Romani
644 648 879 709 meruerunt
899 645 1066 725 perdere
1089 649 1245 711 mores?

174 753 323 818 sterilitas
361 755 443 817 certe
480 749 666 815 feminarum
704 749 813 816 debuit
842 751 1016 834 prouenire,
1048 755 1176 835 proptor
1213 772 1310 835 quam

175 858 372 924 auferendam
382 855 564 939 Lupercalia
576 855 897 935 iustitutaiaotautur,
907 877 968 922 nou
983 858 1132 924 sterilitas
1141 861 1308 931 terrarum,
1337 883 1349 922 a

174 967 412 1048 propterquam
430 959 615 1044 Lupercalia
633 980 693 1026 non
713 965 787 1026 sunt
806 961 952 1027 iust'tuta
974 963 1205 1029 remouendam.
1232 963 1309 1046 quid

125 1068 165 1132 15
175 1070 207 1135 iu
220 1070 326 1136 Africa
335 1068 415 1134 unde
430 1067 580 1133 sterilitas
586 1069 601 1132 'l
614 1067 690 1149 quid
702 1067 734 1131 in
746 1066 880 1132 Gabiis?
893 1069 1077 1153 Lupercalia
1090 1070 1153 1136 ista
1166 1070 1309 1135 lecerunt

175 1196 212 1242 au
221 1176 320 1241 nostri
331 1194 442 1249 mores,
453 1174 546 1250 furta,
558 1173 735 1246 homicidia,
747 1174 908 1253 adulteria,
919 1173 1102 1254 iniustitiae,
1112 1175 1306 1259 iniquitates,

174 1282 371 1358 ambitiones,
390 1279 588 1362 cupiditates,
611 1279 756 1363 periuria,
775 1279 856 1345 falsa
877 1281 1068 1356 testimonia,
1088 1281 1306 1364 oppressiones

173 1387 368 1463 miserorum,
384 1387 535 1452 bonarum
549 1405 713 1451 eausamm
728 1385 922 1470 impugnatio
936 1386 1150 1469 malarumque
1165 1386 1305 1452 defensio
1325 1419 1348 1458 ιο

175 1497 208 1559 et
224 1493 255 1558 in
275 1492 419 1558 omnibus
438 1491 578 1556 inaudita
591 1491 791 1573 peruersitas,
805 1494 975 1575 postremo,
991 1491 1075 1573 quod
1093 1510 1187 1573 supra
1201 1494 1307 1559 omnia

175 1602 233 1675 est,
258 1599 315 1664 deo
347 1597 438 1663 fictae
469 1601 589 1663 mentes
613 1600 645 1661 ct
667 1597 831 1682 sacrilegia
862 1601 1006 1680 artesque
1037 1597 1178 1681 magicae
1211 1599 1306 1664 etiam

173 1705 302 1790 paganis
321 1704 511 1770 horrendae?
530 1723 612 1782 ecce,
631 1723 711 1787 quae
729 1704 849 1769 faciunt
868 1704 971 1769 omnia
989 1704 1121 1769 aduersa
1134 1707 1166 1769 et
1179 1704 1307 1770 inimica

173 1810 274 1886 nobie,
303 1830 364 1875 non
387 1809 580 1893 Lupercalia,
608 1827 687 1892 quae
715 1813 790 1874 sunt
816 1829 872 1892 pro
901 1814 1007 1875 uestra
1034 1811 1136 1874 salute
1169 1810 1305 1877 sublata.

123 1915 163 1980 16
173 1917 229 1982 scd
252 1916 327 1999 quid
349 1915 453 1980 dicitis
476 1915 629 1998 nosipsi,
654 1915 707 1998 qui
734 1915 918 1998 Lupercalia
940 1916 1106 1982 defenditis
1130 1920 1161 1981 et
1185 1918 1306 2000 agenda
1324 1947 1347 1986 n

172 2020 366 2106 proponitis?
379 2040 436 2086 uos
448 2040 484 2086 ea
500 2019 691 2104 depretiatis,
702 2038 761 2085 uos
775 2039 883 2085 eorum
898 2021 1018 2086 cultum
1030 2022 1306 2105 celebritatemque

173 2128 270 2192 uilem
297 2127 521 2211 uulgaremquc
547 2125 689 2194 redditis.
722 2126 749 2191 si
781 2126 910 2191 offensio
937 2127 1192 2209 Lupercaliorum
1215 2129 1305 2194 nobis

174 2234 304 2299 aduersa
322 2234 511 2316 procurauit,
526 2235 633 2298 uestra
646 2234 740 2316 culpa
754 2236 813 2311 cst,
828 2232 883 2316 qui
898 2233 982 2315 quod
995 2232 1087 2299 uobis
1102 2233 1305 2318 singulariter

172 2340 319 2423 prodesse
341 2339 470 2422 putatis,
490 2338 765 2424 neglegentissime
784 2341 816 2403 et
833 2358 894 2405 non
913 2375 954 2405 a·
972 2339 1065 2422 longe
1083 2339 1192 2422 impan'
1214 2340 1302 2405 cultu

172 2449 205 2511 et
227 2446 391 2511 deuotione
415 2464 451 2510 ea
474 2445 588 2517 ducitis
616 2444 808 2523 celebranda,
837 2464 931 2527 quam
953 2444 1149 2527 profanitatis
1177 2449 1302 2511 uestrae
1318 2477 1343 2516 ω

173 2552 367 2616 celebrauere
397 2551 539 2615 maiores.
573 2550 656 2633 apud
684 2550 756 2615 illos
785 2550 867 2618 enim
895 2550 1015 2616 nobiles
1043 2550 1105 2632 ipsi
1135 2552 1302 2617 currebant

173 2661 204 2722 et
235 2661 394 2723 matronae
425 2657 541 2722 nudato
572 2656 698 2740 publice
736 2675 862 2738 corpore
898 2657 1100 2740 uapulabant.
1134 2677 1193 2724 nos
1227 2678 1299 2744 ergo

170 2763 264 2847 primi
281 2764 313 2828 iu
330 2763 513 2846 Lupercalia
535 2761 747 2829 commisistis.
771 2763 870 2827 satius
893 2763 997 2827 fuerat
1014 2783 1074 2829 nou
1095 2783 1186 2848 agere
1206 2784 1300 2848 quam

171 2889 208 2934 ea
230 2888 302 2934 cum
333 2868 447 2934 iniuria
479 2868 644 2946 celebrare,
669 2868 724 2933 sed
756 2868 931 2934 deduxistis
962 2869 1173 2935 uenerandum
1206 2871 1298 2936 uobis

171 2976 293 3042 cultum
324 2979 357 3042 et
387 2974 585 3040 salutiferum
621 2994 713 3056 quem
748 2976 868 3058 putatis
901 2975 940 3040 ad
975 2976 1057 3041 uilcs
1093 2976 1298 3060 triuialesque
1315 3006 1339 3047 a

120 3083 159 3147 17
169 3098 328 3164 personas,
357 3080 495 3146 abiectos
519 3083 552 3145 et
572 3078 706 3144 intimos.
775 3079 899 3145 sinere
922 3099 995 3165 ergo
1023 3080 1212 3163 profitemini
1239 3082 1299 3148 boc

170 3205 293 3251 sacrum
326 3205 361 3251 ac
398 3184 505 3268 potius
537 3188 786 3251 execramentum
821 3187 916 3261 uobis,
950 3205 1019 3253 esse
1056 3188 1203 3264 salutare,
1236 3189 1298 3271 ipsi

170 3292 323 3357 celebrate
351 3310 435 3366 more
462 3290 625 3369 maiorum,
652 3290 715 3374 ipsi
743 3310 815 3357 cum
841 3291 990 3368 resticulo
1018 3292 1094 3356 nudi
1122 3293 1296 3372 discurrite,

257 3411 297 3467 2?

205 3518 464 3585 2etpraesertima'a
472 3519 791 3586 fiacuereusar‘csoaum
827 3519 986 3574 bsterelitas
999 3520 1026 3574 V
1059 3520 1252 3575 6remoueuda
1265 3521 1295 3583 V,

169 3623 238 3675 eor-r.
257 3607 335 3661 Tbial
370 3608 386 3661 8
400 3608 498 3662 nostris
512 3607 543 3671 V,
557 3623 625 3663 corr.
640 3606 666 3676 p²
702 3608 735 3662 10
748 3608 907 3678 impugnatio
925 3625 959 3663 aa
976 3608 1170 3679 inpugnatione
1190 3624 1258 3664 corr.
1275 3609 1299 3662 V

172 3697 202 3751 17
227 3696 343 3750 ostensio
362 3696 393 3759 V,
412 3712 479 3750 corr.
497 3696 567 3751 Bor.
675 3697 707 3750 19
730 3713 783 3750 non
805 3697 885 3767 longe
907 3697 944 3751 V.·
966 3700 1021 3751 tam
1040 3697 1120 3768 longe
1138 3698 1220 3763 Bar,
1239 3715 1296 3752 cum

168 3785 248 3855 longe
271 3784 355 3848 Tbiel,
382 3800 451 3838 nunc
477 3785 556 3854 longe
575 3785 688 3852 Hartel,·
714 3801 759 3855 epo
778 3786 907 3841 lamnam
924 3786 1050 3840 indicaui
1073 3802 1155 3855 quam
1176 3787 1217 3841 sie
1238 3787 1297 3855 scre

169 3872 331 3941 expleverim
348 3888 401 3924 nou
414 3871 498 3925 <sicut
516 3871 607 3927 decuit
625 3873 904 3944 obseruantes>longe
983 3874 1017 3929 25
1033 3879 1060 3929 et
1074 3868 1296 3945 salutiferumque

170 3977 248 4030 quern
263 3960 294 4023 V,
305 3974 372 4014 corr.
383 3979 408 4014 o:
420 3963 447 4014 et
457 3960 507 4015 del.
520 3960 598 4016 Tbiel
641 3960 676 4015 26
686 3957 737 4015 hoc
746 3961 827 4015 Bon:
837 3962 865 4015 in
875 3962 927 4017 hoe
940 3961 967 4016 V
1017 3963 1050 4016 28
1064 3963 1191 4017 resticulo
1201 3964 1297 4032 scripsi

170 4049 231 4103 coll.
245 4047 391 4103 Plutarchi
407 4048 482 4104 Gaea.
499 4053 532 4103 61
545 4047 677 4103 trebicum
692 4049 741 4102 ἀνὰ
753 4049 801 4119 τὴν
815 4047 888 4103 πόλιν
906 4049 997 4122 γυμνοὶ
1010 4048 1112 4103 σκύτεσι
1125 4049 1224 4121 Lactora
1237 4056 1295 4116 roba

170 4133 437 4208 ἐμποδὼν,.παίοντες
448 4137 492 4205 (cf.
503 4137 584 4192 etiam
593 4138 702 4193 Romul.
710 4141 751 4205 21,
761 4140 863 4194 Antea.
873 4141 932 4207 12ss
942 4138 1054 4192 ridiculo
1066 4139 1096 4205 V,
1107 4140 1221 4194 amiculo
1234 4141 1294 4203 Gor.
