2904 4672
136 255 200 317 304
394 249 488 318 Uigilii
508 248 684 303 constitutum
704 246 736 300 de
755 245 842 300 tribus
861 245 987 316 capitulis

134 447 249 525 potest,
282 446 319 508 ut
349 443 380 507 in
413 462 474 524 quo
508 442 652 507 Christus
684 441 834 523 loquitur,
867 441 916 505 dei
936 440 1134 525 (spiritum)
1154 439 1263 505 habere

45 549 110 613 262
135 551 318 623 dubitetur?
363 569 436 613 nam
460 552 492 614 et
513 548 592 612 illud
613 547 714 612 sancti
731 547 952 630 patresncstri
969 546 1001 610 in
1021 545 1264 612 calchedonensi

134 655 252 740 synodo
278 654 450 719 residentes
479 653 684 719 nihilominus
713 652 927 730 adtenderent,
965 651 1049 734 qnod
1075 651 1262 733 Apollinaris

134 771 206 826 cunr
234 760 379 844 dogmate
406 779 474 837 suc,
504 760 559 842 qui
586 778 681 823 unam
704 760 847 823 naturam
871 757 1046 822 diuinitatis
1070 759 1103 822 et
1126 757 1263 822 humani-

133 867 208 931 tatis
236 866 353 931 domini
382 866 431 929 dei
459 865 558 930 nostri
586 865 658 929 Iesu
687 863 804 929 Christi
833 863 955 943 asserit,
987 863 1019 927 in
1051 862 1162 928 eadem
1193 863 1298 928 lbaer

115 972 268 1054 ,epistola
290 973 340 1037 est
362 971 446 1036 sicut
467 971 583 1054 impius
607 973 638 1034 et
661 970 840 1034 execrabilis
857 969 1099 1045 condemnatum
1117 969 1175 1034 illa
1191 989 1262 1034 uero

134 1096 321 1160 magnopere
350 1077 597 1160 comprobantes,
626 1096 704 1159 quae
731 1077 763 1140 in
787 1076 895 1141 eadem
919 1076 1053 1159 epistola
1074 1076 1148 1140 Ibas
1173 1075 1261 1158 dixit:

133 1183 227 1248 duae
249 1185 423 1260 naturae,
444 1203 516 1247 una
537 1182 679 1259 uirtus,
698 1200 770 1247 una
787 1200 957 1264 persona,
978 1180 1075 1264 quod
1095 1184 1154 1246 est
1170 1201 1262 1247 unus

43 1299 108 1363 263
131 1289 242 1354 filius
276 1289 445 1355 dominus
478 1291 606 1353 noster
636 1288 744 1352 Iesus
781 1287 967 1354 Christus.
1003 1287 1036 1351 in
1074 1306 1110 1353 eo
1149 1291 1262 1364 autem,

133 1395 217 1477 quod
243 1414 339 1459 unam
366 1394 517 1469 uirtutem
545 1393 630 1471 dixit,
661 1393 794 1477 apostoli
821 1393 912 1458 Pauli
940 1393 1113 1459 doctrinam
1136 1395 1264 1458 secutus
1280 1410 1300 1449 1⁰

134 1501 323 1584 agnoscitur,
343 1500 396 1582 qui
414 1500 612 1584 singulariter
631 1501 709 1564 dicit
731 1499 920 1565 Christum
944 1499 1002 1565 dei
1024 1500 1206 1565 uirtutem
1230 1509 1264 1571 et

132 1606 189 1671 dei
218 1607 442 1688 sapientiam
471 1609 503 1671 et
529 1606 560 1670 in
590 1606 651 1671 alio
678 1606 758 1682 loco,
788 1607 862 1689 quie
885 1607 957 1670 etsi
977 1605 1186 1670 crucifixus
1209 1607 1265 1670 est

132 1732 174 1777 ex
201 1712 432 1778 infirmitate
460 1712 598 1789 carnis,
628 1711 692 1776 sed
720 1712 821 1776 uiuit
848 1731 889 1776 ex
915 1713 1058 1777 uirtute
1088 1711 1158 1777 dei.
1183 1711 1264 1794 quod

132 1819 215 1896 Ibas,
248 1837 320 1883 cum
353 1818 518 1900 epistelam
549 1837 639 1882 suam
673 1817 813 1895 dictaret,
847 1818 1060 1883 considerasse
1093 1816 1264 1893 credendus

131 1925 190 2000 est,
226 1925 263 1987 ut
296 1923 489 1988 adsumentis
526 1924 614 1988 uerbi
656 1924 807 1988 uirtutem
848 1923 1022 2001 confessus,
1063 1922 1263 2006 adsumptam
1281 1940 1303 1978 e

132 2048 254 2093 earnem
286 2031 396 2111 utpote
428 2029 584 2112 propriam
616 2028 757 2094 eiusdem
789 2030 876 2095 uerbi
902 2029 935 2093 in
962 2029 1031 2110 ipso
1060 2046 1263 2113 cognoscens,

131 2154 225 2199 unam
251 2134 403 2199 uirtutem
431 2134 560 2200 dicendo
589 2154 744 2199 summam
777 2137 810 2200 et
839 2134 1077 2218 inseparabilem
1108 2134 1263 2199 unitatem

132 2239 226 2304 unius
253 2258 403 2323 personae
432 2241 583 2305 etunius
611 2239 667 2304 filii
694 2240 827 2319 nomine,
855 2241 916 2306 hoc
943 2243 992 2305 est
1018 2239 1135 2304 domini
1163 2241 1261 2306 nostri

131 2345 205 2409 Iesu
233 2343 360 2423 Christi,
388 2345 473 2428 quod
501 2346 689 2412 subsecutus
717 2346 866 2424 adiunxit,
895 2365 928 2410 se
955 2345 1146 2410 intellexisse
1174 2365 1260 2424 mon·

133 2453 254 2529 straret,
281 2452 313 2515 in
340 2452 436 2517 huius
459 2452 647 2518 orthodoxae
668 2451 742 2521 fidei
766 2452 959 2518 confessione
981 2451 1160 2535 perdurans,
1185 2451 1260 2516 dum
1277 2467 1302 2507 a

133 2560 238 2640 patres
265 2557 296 2621 in
325 2559 433 2622 sancta
459 2556 575 2640 synodo
605 2556 849 2623 calchedonensi
869 2556 912 2634 id,
936 2557 1020 2639 quod
1044 2559 1076 2621 et
1097 2557 1161 2639 ipsi
1183 2558 1263 2622 lece-

132 2665 203 2727 rant
232 2662 414 2729 Nestorium
447 2663 569 2728 scilicet
601 2665 633 2728 et
663 2663 836 2746 Eutychen·
857 2682 929 2728 cum
962 2663 1028 2742 suis
1060 2662 1263 2748 dogmatibus

135 2768 384 2845 condemnantes,
413 2769 499 2833 lbam
528 2769 710 2833 sociandum
738 2769 868 2854 collegio
897 2788 953 2834 suo
985 2770 1086 2835 facere
1118 2770 1265 2845 similiter

44 2872 111 2939 264
134 2875 340 2939 hortarentur.
368 2874 452 2958 quod
477 2875 550 2940 Ibas
582 2876 696 2941 deuote
727 2874 890 2957 perficiens
923 2894 1018 2958 seque
1051 2893 1173 2959 semper
1202 2877 1264 2942 hcc

134 2980 247 3046 fecisse
275 2982 453 3046 contestans
475 2981 574 3045 libera
594 2999 674 3046 uoce
697 2999 801 3046 coram
823 2982 980 3047 uniuersis
1002 2983 1145 3065 patribus
1169 2983 1261 3047 dixit:
1280 2997 1304 3037 ιι

135 3086 331 3152 anathema
361 3085 536 3152 Nestorio
569 3089 606 3150 et
636 3087 815 3170 Eutychi,
853 3087 1007 3153 adiciens:
1043 3091 1083 3152 et
1119 3087 1262 3154 dicenti

134 3211 240 3257 unam
266 3196 449 3268 naturam,
477 3197 603 3276 propter
631 3211 725 3274 quam
751 3192 970 3258 refutationem
996 3193 1091 3258 unius
1113 3193 1263 3260 uidelicet

135 3301 262 3363 naturae
301 3297 351 3362 in'
374 3299 600 3364 confessionem
642 3298 773 3371 duarimr
812 3298 845 3362 in
886 3318 947 3364 uno
990 3297 1161 3381 eodemque
1197 3300 1261 3364 tilio

134 3406 314 3475 naturarum
354 3422 388 3468 se
429 3404 633 3469 orthodoxum
673 3405 908 3487 pronuntiatum
949 3423 1017 3470 esse
1063 3409 1260 3490 cognouerat

223 3663 322 3718 8Ibae
343 3665 420 3734 epist.
439 3664 457 3718 l.
477 3681 498 3718 e.
518 3665 570 3718 243
589 3666 611 3719 B
630 3666 647 3719 8
711 3666 740 3717 11
762 3663 821 3722 Gor.
840 3664 855 3722 I
873 3665 897 3732 l,
917 3666 951 3720 24
1006 3665 1039 3719 12
1059 3664 1118 3721 Cor.
1137 3665 1166 3720 11
1186 3668 1226 3731 13,
1245 3667 1262 3719 4

136 3752 170 3808 26
189 3767 270 3820 supra
287 3769 349 3822 pag.
368 3753 429 3818 302,
448 3755 463 3809 6

173 3873 330 3942 lspiritum
350 3875 450 3930 addidi
467 3875 522 3944 (dei
533 3875 673 3946 <spiritus>
687 3879 711 3944 ο)
749 3875 859 3930 6illam
876 3875 904 3930 V
935 3878 1024 3946 iqua
1046 3875 1073 3930 V
1107 3877 1139 3931 11-
1159 3877 1263 3947 quidV

143 3963 175 4016 12
191 3961 272 4032 loquo
295 3962 321 4016 V
361 3963 392 4017 13
412 3966 440 4017 et
457 3963 612 4018 infirmitate
632 3963 658 4017 V
693 3965 724 4018 15
742 3980 780 4033 aq.
795 3963 938 4034 adsumpta
956 3980 1061 4019 carnem
1079 3967 1111 4018 nt
1129 3964 1263 4034 petestV

138 4050 171 4104 18
188 4051 274 4105 filiV
316 4052 351 4106 20
368 4051 407 4125 in]
426 4069 487 4105 nam
510 4052 544 4109 V,
585 4052 794 4123 hommthcdore
816 4051 844 4106 V
883 4052 917 4105 22
936 4052 1068 4120 eutichen
1084 4052 1111 4107 V
1152 4054 1187 4108 24
1204 4069 1259 4123 per·

135 4139 227 4194 ficiens
245 4144 396 4210 sequentem
414 4157 462 4212 per
478 4140 530 4195 hoe
552 4141 579 4194 V
627 4141 662 4194 26
680 4141 785 4196 eutiche
807 4140 835 4195 V
