2904 4672
581 246 869 316 Prolegomene.
1098 308 1115 341 .
1205 251 1289 316 LXV

202 461 279 524 g:
293 441 426 508 Uindob.
452 441 537 508 Hist.
566 461 612 526 gr.
639 441 749 521 XLVI,
778 443 911 508 chartac.
941 461 1021 508 saec.
1049 443 1109 508 XV
1132 443 1293 520 exeuntisi

201 548 392 614 h=Psris
416 548 520 614 Yonds
544 566 616 631 grec
639 549 714 625 419,
739 547 873 613 chartae.
898 567 979 614 saec.
1003 549 1086 614 XVI.

203 653 345 735 Quorum
373 653 411 718 de
437 652 557 719 rosione
585 671 656 718 cum
684 652 744 718 olio
772 654 841 718 loco
851 651 874 738 ¹)
905 653 1059 718 ubemime
1083 654 1211 738 egerim,
1236 655 1287 720 hic

155 761 234 826 satis
257 760 357 852 habeo
380 760 534 844 repetisse
557 761 690 824 stemma
712 759 779 824 illic
801 759 980 823 inuentum:

200 1781 263 1848 Sed
289 1784 407 1848 factum
434 1786 493 1860 est,
521 1785 558 1847 ut
584 1758 718 1849 aliorum
745 1782 885 1847 eiusdem
914 1782 1107 1847 collectionis
1140 1782 1285 1847 codicum

154 1888 299 1958 notitiam
318 1888 397 1952 mihi
416 1887 631 1970 subpeditaret
649 1886 723 1953 Otto
744 1886 841 1953 Cuntn
861 1888 982 1952 amicus
996 1887 1284 1972 Argentoratensis:

155 1997 230 2058 sunt
252 2013 326 2059 uero
349 1994 397 2058 hi:

197 2627 302 2710 Atque
331 2626 494 2705 (lunicius,
518 2629 572 2711 qui
599 2630 667 2711 ipse
695 2630 732 2695 de
759 2631 878 2696 ratione
896 2630 1045 2695 ‘codicum
1070 2629 1284 2713 quaestionem

153 2734 199 2798 its
220 2733 369 2811 instituit,
393 2736 430 2798 ut
452 2735 640 2799 examinaret
658 2735 904 2818 subscriptiones
925 2736 1051 2800 concilii
1068 2735 1285 2800 Constantino-

154 2840 286 2922 politani
308 2840 381 2903 anni
404 2841 467 2904 536
491 2840 599 2906 endem
621 2842 805 2907 collectione
823 2842 940 2918 traditi,
961 2843 1045 2906 sicut
1063 2861 1108 2918 ea,
1128 2858 1206 2922 quae
1225 2857 1283 2922 ego

155 2950 187 3010 et
210 2944 248 3010 de
272 2946 393 3010 duabus
416 2946 544 3011 familiis
567 2947 596 3011 Y
619 2950 651 3011 et
672 2948 702 3012 X
725 2951 757 3012 et
779 2948 817 3012 de
839 2949 976 3013 familiae
999 2948 1028 3012 Y
1052 2946 1157 3012 codice
1178 2965 1199 3008 c
1217 2962 1284 3008 sae·

153 3054 225 3135 pius
258 3071 330 3116 cum
359 3051 399 3134 ch
432 3055 539 3117 contra
570 3073 602 3116 co
634 3057 767 3118 coeunte
798 3055 916 3119 eruisse
943 3053 1021 3118 mihi
1049 3052 1188 3128 uidebar,
1215 3051 1283 3132 ipse

154 3177 247 3240 quam
274 3159 413 3247 ¹manime
445 3159 700 3241 comprobauit,²)
727 3161 772 3224 ita
799 3161 887 3225 codd.
919 3167 934 3223 1
966 3162 998 3224 et
1025 3161 1044 3223 2
1075 3157 1212 3222 familiae
1243 3156 1282 3234 Y,

155 3264 244 3328 codd.
264 3266 284 3327 3
303 3267 336 3329 et
353 3266 373 3328 4
392 3265 529 3330 familiae
547 3265 577 3329 X
595 3265 840 3331 adnumerendos
860 3285 928 3331 esse
947 3264 1123 3341 confirmat:
1142 3263 1283 3330 codicem

153 3371 172 3432 5
196 3370 241 3434 nil
259 3370 321 3434 nisi
339 3369 548 3455 fragmentum
567 3372 691 3436 concilii
713 3371 800 3436 illius
824 3372 956 3438 actionis
981 3372 1107 3455 quintae
1126 3369 1283 3434 continere

152 3475 224 3539 inde
240 3474 377 3541 alibello
392 3476 613 3542 monachorum
628 3475 710 3559 otim
724 3481 776 3559 μὲν
794 3476 911 3552 (Marsi
931 3476 1005 3540 VIll
1021 3476 1106 3538 1050
1122 3474 1150 3538 D
1166 3475 1185 3537 2
1199 3474 1283 3557 sqq.)

152 3599 253 3662 usque
277 3580 316 3644 ad
339 3581 506 3662 epistulam
528 3582 592 3646 lere
610 3582 774 3664 Ilpiphanii
793 3580 953 3668 εὺλογητός
976 3577 1065 3666 (ibid.
1091 3579 1282 3644 10741310

154 3685 243 3768 sqq).
263 3688 316 3751 nix
334 3690 439 3751 autem
453 3691 511 3763 ost,
535 3688 618 3770 quod
641 3689 745 3753 doleas
769 3709 829 3753 uon
853 3690 992 3759 omnium
1017 3687 1160 3753 codicum
1179 3686 1282 3750 uarias

153 3826 346 3838 *-

189 3876 209 3940 1)
228 3876 409 3950 Nachrichten
432 3875 479 3949 der
500 3877 526 3931 k.
553 3876 732 3933 Gcsellsohelt
754 3879 800 3932 der
818 3877 1045 3934 wissenschaften
1069 3894 1103 3932 zu
1122 3876 1279 3946 Gottingen.

154 3963 359 4018 Philol-histor.
377 3965 472 4019 Klasse
493 3965 560 4020 1894
578 3983 604 4036 p.
625 3968 674 4041 119
693 3984 751 4037 sqq.

188 4053 209 4114 Ιὶ)
229 4049 253 4102 Y
272 4048 383 4106 Gnnteio
401 4054 472 4105 teste
486 4053 592 4106 concilii
604 4053 677 4107 illius
691 4055 900 4125 subscriptiones
913 4054 1021 4109 exhibet
1034 4054 1163 4122 integras,
1177 4049 1203 4103 X
1214 4064 1281 4105 non·

154 4138 206 4191 nisi
222 4138 276 4191 tria
294 4137 476 4208 episcoporum
495 4140 602 4192 nomina
620 4141 770 4212 subscripta
788 4143 879 4196 habet.

206 4265 288 4307 XXXV
303 4276 355 4315 utre
371 4269 390 4308 1.
1176 4260 1190 4299 θ
