2904 4672
575 223 863 292 Prolegomena.
1183 227 1284 294 LXXI

156 416 249 498 2972„
362 413 541 481 cotlmlicooc
834 417 1034 482 orthodoxum

156 521 232 604 2981
361 522 499 601 putatote
513 521 664 586 modicum
676 542 738 602 pro
756 543 788 587 eo
833 523 886 608 qai
911 542 974 603 pro
1011 542 1044 588 eo
1076 524 1175 607 poulo
1211 530 1284 590 eote

395 626 503 709 foetus
523 631 575 707 est,
594 628 789 718 trootoodwm
868 628 977 711 factos
1002 633 1056 705 cat,
1084 629 1285 694 coistimctio-

403 738 449 797 est
488 754 508 797 a
545 734 789 798 reuerentissimo
875 735 927 799 ais
943 736 1003 800 erit
1017 735 1201 800 anamim
1221 737 1284 815 epi·

403 839 473 902 uiro
495 839 633 920 episcopo
874 840 964 920 scopi

155 944 233 1037 2983
349 944 488 1027 forinseci
825 946 966 1029 fornicari
987 945 1056 1012 edd.
1080 949 1204 1012 ueteres
1228 947 1284 1013 sed

876 1053 907 1116 in
929 1052 1069 1137 margine
1094 1052 1285 1139 adponentes‘

874 1158 972 1222 stoici

825 1265 965 1348 formari
993 1265 1060 1328 siue
1087 1265 1185 1328 stetui
1209 1265 1283 1330 Bar.

200 1368 263 1434 Sed
285 1370 362 1434 haec
386 1369 512 1452 quidem
536 1370 574 1435 de
597 1370 733 1437 editione
751 1370 891 1446 Beronii;
915 1389 997 1435 nuno
1020 1369 1059 1435 ad
1082 1370 1167 1438 aliud
1184 1373 1284 1451 trans·

158 1476 308 1539 eundum.

199 1580 276 1644 Inde
301 1601 319 1646 a
341 1583 358 1664 ξ
385 1584 426 1646 29
449 1582 587 1666 Uigilius
609 1582 716 1647 libello
741 1602 798 1647 sno
817 1583 949 1646 inseruit
967 1582 1127 1666 sexaginta
1144 1581 1284 1664 capitula

155 1687 312 1752 Theodori
358 1688 577 1773 Mopsuestini‚
624 1707 703 1771 qnae
747 1689 868 1753 inuenit
911 1688 943 1752 in
987 1687 1087 1770 prima
1132 1688 1289 1753 chartacei

156 1793 329 1857 uoluminis
360 1799 447 1877 parte
476 1795 536 1859 sibi
564 1795 602 1860 ab
629 1794 816 1877 imperatore
839 1812 896 1876 per
916 1794 1095 1878 Benignum
1116 1793 1288 1858 Heracleae

158 1899 348 1983 Pelagoniae
389 1901 570 1983 episcopum
605 1901 783 1966 transmissi
817 1899 869 1985 (cf.
906 1920 937 1983 p.
972 1901 1036 1965 236
1072 1899 1141 1968 init.
1178 1900 1286 1986 528).

156 2006 270 2070 eadem
289 2006 429 2088 capitula
446 2009 574 2088 excepto
592 2026 655 2072 uno
675 2006 805 2087 omnia1)
823 2007 855 2070 in
875 2007 1015 2072 sessione
1033 2010 1143 2089 quarta
1162 2005 1288 2070 concilii

138 2096 141 2099 ’
157 2112 263 2194 quinti
283 2111 621 2195 constantinopolitani
639 2111 702 2198 (die
723 2115 762 2176 12
782 2113 834 2176 uel
854 2114 895 2177 13
912 2113 991 2177 Maii
1010 2132 1036 2177 a.
1057 2111 1134 2197 553)
1158 2111 1288 2176 recitata

155 2221 190 2283 et
209 2218 246 2300 in
271 2221 341 2282 acta
362 2218 450 2283 illius
474 2218 624 2298 sessionis
646 2221 772 2300 recepta
791 2221 873 2284 sunt.
892 2219 947 2283 ubi
966 2238 1038 2282 cum
1055 2218 1146 2299 plane
1165 2217 1282 2283 eisdem

155 2327 304 2408 legantur
337 2325 453 2403 uerbis,
489 2328 577 2407 patet
613 2325 741 2389 eandem
777 2325 955 2389 nersionem
994 2325 1147 2403 Latinam,
1189 2344 1283 2406 quam

156 2430 300 2515 Uigilius
324 2431 454 2514 accepit,
478 2434 602 2514 praesto
625 2431 724 2495 fnisse
748 2430 844 2494 etiam
867 2431 1010 2496 concilio.

202 2538 283 2601 Acta
319 2538 443 2602 concilii
482 2537 637 2621 generalis
675 2537 776 2619 quinti
813 2540 867 2619 qui
900 2537 1068 2613 continent,
1101 2536 1287 2600 Maassenus

156 2641 215 2724 (.G
239 2642 268 2707 d.
293 2642 329 2723 Q.
353 2643 469 2728 1759)
494 2642 616 2707 codices
641 2643 742 2708 adfert
764 2643 861 2707 duos:
1093 2703 1094 2706 ,

204 2748 301 2816 0¹:
316 2749 440 2813 Paris.
463 2749 530 2813 lat.
552 2750 658 2814 16832
678 2748 733 2835 (ol
752 2748 817 2813 No
803 2752 850 2812 re
868 2749 967 2813 Dame
987 2749 1041 2833 88)
1062 2747 1193 2825 saecX
1212 2746 1284 2812 inde

154 2944 362 2954 ..-—-

194 3060 213 3127 ¹)
234 3058 308 3125 Quae
326 3059 395 3112 ratio
414 3057 563 3112 intercedat
574 3056 646 3112 inter
659 3058 777 3126 capitula
793 3056 926 3110 Theodori
939 3056 968 3109 in
982 3055 1163 3110 constitutum
1178 3058 1287 3126 recepta

151 3152 185 3206 et
205 3165 245 3215 ea,
264 3165 332 3218 quae
350 3148 476 3216 leguntur
494 3147 522 3199 in
541 3147 608 3200 actis
628 3145 734 3201 concilii
752 3145 846 3214 quinti,
866 3145 917 3198 hac
936 3143 1071 3197 doceberis
1090 3143 1197 3198 tabula:

264 3236 423 3300 Constituti:
636 3232 749 3288 Concilii
767 3233 791 3287 V
810 3232 967 3286 conlationis
985 3233 1015 3285 4:

245 3342 320 3395 capp.
357 3325 443 3378 1-12
483 3364 485 3372 ,
515 3349 548 3370 =
630 3339 704 3392 capp.
742 3321 828 3375 1-12

343 3415 375 3468 13
728 3409 804 3464 abest

342 3504 445 3558 14-30
728 3498 830 3554 13-29

342 3591 418 3659 abest
725 3588 760 3642 30

341 3680 443 3735 31-41
726 3676 829 3730 31-41

340 3769 445 3823 42-43
725 3766 760 3818 42
779 3763 841 3832 (dno
863 3763 979 3832 capitula
992 3762 1020 3815 in
1033 3778 1115 3815 unum
1130 3761 1283 3830 coniuncta)

341 3839 447 3910 44-59
728 3852 834 3907 43-58

342 3943 461 3998 absunt
731 3941 835 3996 59-60

342 4033 376 4086 60
724 4029 758 4084 ’61

343 4120 440 4174 absunt
724 4118 827 4171 62-71
