2904 4672
497 227 581 319 sprec.
600 246 736 304 11111111
756 240 866 303 rs-es.
1178 251 1243 313 235

121 447 298 508 nostrorum
324 444 455 517 istarum
482 443 615 526 partium
644 443 857 531 episcoporum
883 462 980 525 nuper
1007 445 1076 506 ante
1100 443 1241 506 sanctum

121 550 254 630 paschae
282 550 363 614 diem
389 549 490 632 pietas
517 552 623 613 uestra
649 548 822 625 constituit,
851 551 887 613 ut
915 550 1082 629 exaequato
1114 567 1241 612 numero

122 653 172 718 his
199 654 411 737 pontificibus,
439 654 493 736 qui
521 654 552 718 in
585 653 926 736 Constantinopolitano
957 654 1032 717 urbe
1062 656 1242 734 praesentes

96 842 98 846 .
123 762 206 838 sunt,
234 761 272 826 de
298 760 409 832 tribusx
427 760 583 842 capitulis,
607 759 778 841 exquibus
802 759 943 841 quaestio
967 758 1110 836 uertitur,
1135 777 1242 822 secun-

90 890 104 928 s
123 865 197 930 dum
220 865 363 947 superius
388 865 581 950 designatam
599 865 728 929 fratrum
748 867 924 929 nostrorum
943 864 1158 946 episcoporum
1175 883 1243 945 pro·
1341 886 1342 889 ¹

121 971 285 1036 fossionem
315 970 497 1036 deberemus
524 970 601 1035 inire
632 972 811 1035 tractatum.
880 968 943 1034 'sed
975 971 1057 1053 qnia,
1091 969 1165 1034 dnm
1197 987 1242 1046 ea,
1253 967 1296 1029 23

122 1096 202 1158 quaa
230 1095 285 1159 pro
309 1076 518 1141 conseruando
541 1076 743 1141 ecclesiarum
766 1094 840 1158 pace
864 1075 1105 1140 cumfratribus
1129 1074 1242 1140 nostris

120 1181 187 1246 fieri
213 1185 321 1247 uestra
347 1181 550 1265 dispositione
578 1184 793 1258 conuenerant,
817 1181 1031 1246 festinaremus
1053 1180 1184 1264 impleri,
1207 1184 1244 1244 ut

121 1288 229 1352 habita
255 1289 373 1353 salubri
399 1288 618 1353 deliberatione
646 1286 852 1351 communiter
878 1289 910 1360 et
936 1289 1060 1369 propter
1080 1286 1243 1351 informan-

80 1419 103 1458 10
123 1393 193 1457 dam
216 1393 426 1458 uniuersalem
449 1391 614 1458 ecclesiam
633 1392 764 1469 cunctis,
784 1410 862 1473 quae
880 1392 961 1456 inter
979 1411 1035 1456 nos
1054 1394 1241 1475 gererentur,

122 1498 153 1562 in
168 1499 319 1580 seriptum
334 1495 477 1563 deductis
492 1482 584 1580 atque
602 1498 776 1570 iacentibus
794 1501 936 1563 nostrum
955 1517 990 1562 ex
1008 1498 1056 1563 his
1076 1498 1242 1563 collectum

123 1603 160 1668 de
175 1603 275 1670 tribus
291 1603 438 1684 capitulis
452 1604 482 1667 in
497 1603 712 1685 quaestionem
730 1603 871 1667 deductis
890 1602 1039 1668 iudicium
1058 1605 1242 1687 proueniret,

123 1709 269 1774 continuo
296 1709 397 1791 pietas
425 1711 530 1773 uestra
555 1710 629 1790 post
655 1708 734 1771 illud
761 1710 919 1785 uolumen,
948 1709 1031 1792 quod
1063 1694 1152 1774 nobis
1183 1711 1297 1773 101124
1361 1725 1364 1730 ·

10 1893 14 1899 ,
122 1817 193 1886 ante
228 1816 345 1879 multos
380 1814 513 1896 paschae
550 1814 616 1878 dies
646 1833 705 1896 ,per
740 1814 866 1878 fratrem
897 1819 1037 1879 nostrum
1068 1815 1244 1898 Benignum
1311 1798 1314 1805 ⁴

78 1947 103 1987 e
121 1920 289 1984 Heracleae
311 1919 498 2002 Pelagoniae
521 1919 632 1983 direxit
653 1919 844 2003 episcopum,
869 1919 961 1984 aliam
985 1921 1084 1985 denuo
1108 1921 1243 1984 chartam

122 2028 195 2109 post
217 2025 299 2095 diem
322 2029 463 2089 sanctum
485 2026 618 2108 paschae
638 2045 691 2107 per·
708 2024 812 2089 uirum
830 2026 1028 2110 magnificum
1048 2026 1243 2091 Theodorum

123 2131 320 2195 decurionem
349 2130 458 2214 palatii
487 2131 667 2209 destinauit,
697 2131 728 2195 in
759 2151 820 2214 qua
848 2151 905 2197 uos
925 2132 1069 2208 interim,
1102 2131 1175 2214 quid
1207 2131 1243 2195 de

120 2236 222 2301 tribus
250 2237 405 2301 sentiretis
433 2237 588 2318 capitulis,
613 2240 799 2319 exponentes
823 2240 962 2303 nostrum
985 2237 1156 2320 poposcitis
1180 2236 1244 2301 dari

123 2361 158 2406 ex
189 2341 304 2406 eadem
328 2343 438 2407 debere
471 2361 565 2406 sauss
596 2361 790 2424 responsum,
821 2343 966 2425 idemque
1001 2345 1111 2408 fratres
1146 2343 1244 2408 nostri

77 2477 103 2516 2⁰
122 2465 222 2528 neque
245 2451 412 2529 exaequato
436 2448 599 2519 nobiscum
617 2468 744 2513 numero
762 2449 898 2513 residere
915 2460 1015 2531 neque
1033 2448 1244 2530 inscriptum,

123 2571 202 2635 quae
230 2570 392 2636 ageremus
420 2554 473 2617 uel
499 2555 712 2631 tractaremus,
740 2554 840 2637 redigi
867 2557 1056 2642 paterentur,
1084 2558 1244 2635 tamquam
1346 2592 1348 2597 ,

122 2658 219 2741 (quod
247 2657 361 2742 absitl)
388 2678 448 2723 non
476 2658 691 2723 conuenientia
716 2658 896 2723 rectitudini
925 2660 1132 2741 loqueremur,
1165 2677 1244 2740 quae

123 2764 256 2828 scribere
273 2764 467 2842 timeremus,
486 2767 518 2829 et
534 2765 661 2847 insuper
679 2765 915 2849 gloriosissimis
935 2766 973 2829 ad
991 2785 1046 2830 nos
1066 2765 1243 2849 proceribus

123 2869 286 2953 destinatis
308 2870 468 2935 insisteret
489 2873 596 2936 uestra
618 2871 782 2935 clementia
798 2874 939 2936 10011111
958 2871 1109 2936 detrium
1127 2869 1244 2952 capitu-

65 3007 105 3046 15
121 2975 222 3039 lorum
245 2975 370 3058 negotio
394 2995 487 3058 quam
510 2975 668 3040 celerrime
691 2976 819 3059 proferri
841 2976 951 3040 debere
969 2994 1169 3056 responsum:
1188 2978 1298 3040 10025
1356 2991 1367 3014 ‘-

63 3138 65 3142 ,
123 3079 168 3143 010
196 3072 386 3155 destitimus
402 3085 524 3146 uestrae
552 3081 695 3147 oboedire
721 3082 805 3152 uelle
833 3082 1025 3159 clementiae,
1048 3083 1107 3145 hoc
1130 3082 1245 3145 solum·

122 3185 214 3251 modo
245 3187 452 3267 postulantes,
483 3192 521 3252 ut
550 3208 604 3269 pro
638 3188 815 3252 infirmitate
848 3188 984 3269 eorporis
1022 3187 1128 3264 nostri,
1165 3205 1244 3268 qnae

122 3291 201 3354 nulli
223 3287 356 3356 habetur
376 3293 543 3376 incognita,
566 3292 680 3376 uiginti
707 3292 826 3356 dierum
849 3293 937 3358 nobis
961 3293 1074 3356 daretis
1097 3290 1244 3368 indutias,

122 3399 275 3478 quatenus
302 3397 408 3463 habito
435 3398 598 3463 nobiscum
626 3398 682 3462 deo
711 3399 880 3462 auxiliante
899 3401 1034 3463 tractatu
1057 3395 1244 3461 delinitionis

78 3537 104 3577 eo
123 3506 245 3568 nostrae
287 3505 456 3570 constituto
494 3505 542 3568 die
580 3504 695 3585 scripto
733 3505 918 3583 sententiam
955 3503 1138 3568 diceremus.
1206 3502 1245 3566 ad
1255 3499 1295 3562 26

122 3609 232 3674 fratres
261 3613 293 3675 et
320 3611 521 3692 coepiscopos
550 3613 683 3688 nostros,
712 3629 730 3674 a
757 3611 871 3692 quibus
900 3610 1046 3674 similiter
1073 3609 1109 3674 de
1138 3609 1245 3673 eadem

158 3868 170 3920 1
200 3868 311 3920 istarum
339 3867 450 3935 scripsi:
477 3870 578 3922 starum
608 3867 638 3933 V,
667 3871 780 3922 strarurn
805 3890 829 3934 a,
856 3869 929 3923 uode
957 3872 1106 3923 nostrarum
1134 3889 1147 3921 0
1174 3868 1244 3923 Bar.
1349 3880 1358 3924 ,·
1384 3878 1385 3882 ’

123 3952 725 4038 101110111111,00110011’.·30111111Βο1·.
763 3957 794 4011 15
815 3957 932 4010 cartham
956 3957 982 4011 V
1015 3960 1048 4012 19
1067 3957 1191 4026 idemque
1209 3956 1246 4009 V:

121 4043 235 4112 ideoque
255 4041 355 4097 011102
407 4044 439 4096 21
460 4048 614 4114 paterentur
628 4051 653 4098 et
669 4046 705 4098 24
723 4045 860 4100 insisteret
872 4062 924 4114 per
942 4046 1025 4100 leuem
1040 4044 1246 4100 coccolultiom
1296 4056 1297 4060 ’

122 4132 203 4200 quasi
221 4134 236 4186 6
254 4148 312 4186 11011
330 4132 393 4202 quia
406 4133 595 4200 praecessisset
613 4134 736 4188 sericum
