2904 4672
165 258 230 320 332
364 253 500 322 Agapetus
518 267 588 320 papa
605 249 738 320 Reparato
757 247 971 319 Carthaginiensi
989 252 1114 320 episeopo

165 445 390 527 conpunctione
416 442 604 526 requisistis,
631 445 748 519 utrum,
780 441 841 505 etsi
870 441 903 505 in
935 441 1074 506 officium
1105 441 1200 507 suum
1231 464 1288 510 uon

165 551 278 615 debent
300 549 419 632 suscipi
440 551 495 613 aut
512 567 565 613 eos
584 565 644 612 non
663 550 786 630 oportet
803 547 926 611 omniuo
946 547 1132 630 promoueri,
1151 548 1289 616 alimoni-

165 675 254 720 omm
295 656 406 719 saltem
446 653 638 718 utilitatibus
679 652 876 730 adiuuentur,
920 652 1085 718 laudamus
1129 653 1289 719 hortamur

164 760 391 844 amplectimur,
415 762 452 825 ut
472 778 505 823 ro
528 778 611 837 uere,
636 759 718 842 quod
741 758 786 823 eis
813 759 967 842 promotio
994 763 1050 824 aut
1076 759 1226 838 officium,
1257 762 1288 825 in

164 885 225 949 quo
256 866 382 944 fuerint,
414 866 593 949 abnegatur,
627 881 779 930 canonum
816 884 875 929 uos
909 865 1115 930 reuerentiam
1150 866 1326 931 indicente

164 991 269 1037 omnes
302 972 446 1054 adpetere
478 990 572 1054 quam
603 989 707 1054 gerere
740 969 922 1053 cupiditatis
949 970 1099 1036 ardorem.
1127 971 1287 1056 uenientes

163 1078 261 1162 igitur
286 1078 325 1142 ad
349 1077 444 1142 fidem
466 1075 708 1141 sincerissimam
738 1074 856 1139 nutriat
877 1075 1065 1156 hnmanitas,
1094 1077 1285 1152 consoletur3

162 1186 307 1267 prompta
341 1181 384 1247 sit
419 1181 563 1253 omnibus
599 1179 820 1256 misericordia,
856 1179 887 1244 in
919 1180 1010 1245 cuius
1041 1182 1286 1248 remuneratione

164 1290 283 1355 dietum
305 1292 369 1353 est:
392 1287 502 1352 beati
524 1285 830 1364 misericordes,
854 1286 1044 1369 quiaipsi
1062 1287 1286 1353 misericor-

109 1400 139 1463 v7
164 1395 266 1459 diem
293 1396 603 1476 consequentur.
661 1391 741 1456 illud
764 1409 898 1475 quoque,
922 1391 1005 1473 quod
1027 1391 1210 1470 catholicos,
1234 1393 1286 1477 qui
1303 1417 1325 1456 ro

162 1503 310 1584 praesunt
323 1503 378 1564 aut
392 1499 531 1563 militant
545 1497 706 1576 ecclesiae,
726 1498 792 1563 sine
812 1498 1008 1563 sacerdotum
1026 1515 1155 1563 suorum
1172 1498 1285 1564 litteris

163 1605 281 1687 suscipi
313 1625 331 1669 a
361 1605 451 1670 nobis
483 1603 612 1668 minime
644 1603 754 1668 debere
786 1603 951 1681 mandatis,
984 1606 1016 1668 et
1041 1604 1211 1669 canonibus
1239 1608 1287 1669 est

162 1730 335 1797 congruum
368 1713 400 1775 et
432 1709 615 1792 disciplinae
646 1709 794 1790 prodesse
824 1709 1000 1774 iudicemus
1032 1727 1068 1774 ac
1099 1708 1183 1788 fidei,
1215 1710 1288 1793 quie

161 1817 368 1900 permanendo
395 1816 428 1881 in
456 1815 608 1893 ecclesiis,
631 1815 664 1880 in
687 1814 802 1899 qurlrus
823 1815 970 1893 militent,
994 1818 1026 1879 et
1047 1815 1214 1880 ministerii
1237 1815 1285 1880 sui

161 1925 308 2003 poterunt
334 1920 523 1986 adsiduitate
551 1920 582 1985 in
605 1920 655 1985 dei
678 1919 843 1986 saluatoris
865 1921 965 1985 nostri
987 1938 1089 1986 emere
1112 1921 1285 1987 femescere
1302 1945 1324 1985 is

162 2030 203 2105 et,
231 2047 310 2109 quae
336 2026 369 2092 iu
396 2025 620 2110 pemegatione
647 2025 901 2110 reprehensibilia
928 2027 1010 2103 sunt,
1033 2025 1145 2091 uitare.
1211 2027 1283 2092 Dat.

161 2132 199 2198 V.
221 2133 268 2198 Id.
292 2132 465 2214 Septembr.

680 2320 763 2404 (87.)

204 2461 358 2509 neaerrus
390 2462 551 2509 nsraearo
582 2462 729 2509 urrscoro
763 2463 1001 2510 cseracnmusr.
1067 2445 1284 2512 Fraternitatis

156 2553 233 2613 tuae
255 2549 368 2612 litteris
390 2548 537 2613 indicasti
554 2551 627 2632 post
644 2548 810 2631 epistolam
829 2547 985 2612 decessori
1002 2566 1071 2613 meo
1090 2549 1284 2633 dirigendam
1299 2576 1324 2617 eo

159 2654 240 2719 inter
277 2653 396 2738 nauigii
432 2654 624 2737 suscipiendi
660 2673 774 2730 mores,
811 2673 888 2735 ques
928 2655 1043 2720 hiemis
1085 2655 1285 2721 continuatae
1317 2687 1320 2692 ·

160 2759 329 2842 generabat
355 2758 516 2842 asperitas,
546 2759 770 2825 ordinationem
799 2763 937 2825 nostmm
968 2760 1027 2826 tibi
1059 2761 1285 2843 omnipotentis

160 2863 210 2928 dei
236 2864 385 2929 beneficio
408 2865 584 2929 enudatam
608 2868 640 2929 et
663 2866 855 2949 gratulatum
877 2868 910 2930 te
933 2866 1137 2955 fraternitatis
1160 2866 1285 2943 affectu,

221 3136 223 3140 ·
246 3121 262 3174 9
280 3121 376 3175 Matth.
396 3124 421 3186 5,
441 3123 456 3176 7

194 3242 256 3295 let
274 3242 296 3296 si
319 3242 350 3308 V,
368 3245 472 3304 correxi
525 3245 708 3315 2promoberi
731 3246 757 3300 V
817 3246 994 3300 dealtirnV
1060 3247 1230 3302 laudauimus
1252 3247 1283 3324 V·

158 3344 225 3384 corr.
243 3330 314 3385 Bar.
367 3332 442 3385 deis
459 3332 554 3388 BTA:
573 3333 677 3388 eiusV
747 3335 943 3404 promotionem
958 3379 964 3391 .
978 3377 984 3388 .
999 3334 1139 3406 abnegetis
1157 3333 1185 3390 ο2
1237 3334 1284 3389 ab·

157 3419 256 3486 negato
279 3416 311 3480 V,
330 3420 435 3472 corraei
474 3421 658 3476 dreuerentia
681 3420 711 3484 V,
731 3437 798 3477 corr.
820 3421 910 3476 Ooreet.
952 3423 1245 3492 tappetere<potius>
1258 3421 1285 3475 o²

158 3505 190 3559 re
208 3503 365 3574 disciplinae
380 3506 422 3559 ee:
442 3507 575 3577 userprno
594 3513 621 3562 et
638 3508 669 3572 r,
686 3509 835 3579 erserpuns
854 3514 909 3563 eto
947 3511 979 3562 rr
993 3496 1057 3564 nvi
1071 3527 1229 3569 sesemen
1248 3510 1283 3567 r.-

154 3590 194 3645 Id.
213 3593 349 3646 Decembr.
369 3600 393 3648 et
406 3595 450 3648 tie
463 3601 488 3649 et
501 3596 532 3649 tn
545 3597 599 3662 fiere
612 3612 651 3664 ep.
667 3600 706 3650 87
718 3598 888 3651 scribendum
900 3603 982 3666 putat
994 3598 1104 3667 Papius
1120 3599 1158 3652 ad
1173 3616 1199 3654 a.
1214 3603 1272 3653 535

157 3679 189 3746 4,-
204 3679 253 3733 sed
270 3681 303 3748 ef.
322 3681 446 3750 Langen,
466 3683 559 3737 Geect.
579 3684 604 3737 d.
623 3688 687 3738 rom,
706 3684 809 3738 Ktrche
826 3685 904 3753 Hp.
925 3687 983 3739 328
1001 3686 1066 3739 adn.
1084 3691 1100 3739 1

168 3766 236 3848 387.
288 3768 357 3822 Dat.
375 3770 456 3824 eierat
479 3787 538 3824 erem
560 3788 598 3840 ep.
619 3775 655 3825 83
677 3773 720 3826 die
745 3775 762 3825 9
784 3773 856 3841 Sept.
886 3777 958 3840 535;
981 3775 1125 3842 respondet
1147 3775 1283 3843 epistulae

155 3852 240 3906 alicui
258 3854 412 3924 deperditae
428 3860 545 3927 scraptae
559 3877 578 3914 a
591 3860 733 3928 Reparato
748 3877 774 3914 o.
793 3864 850 3914 535
876 3878 963 3915 merere
981 3863 1038 3930 sere
1050 3862 1136 3917 Iunio
1153 3863 1284 3917 uelIulio

155 3945 234 4008 atque
251 3943 373 4010 Apopeto
391 3945 473 3999 smel
491 3963 550 4000 mem
568 3960 607 4015 ep.
628 3951 667 4002 85
685 3950 846 4003 translatore.
899 3949 973 4004 Edd.
997 3949 1063 4006 Gor.
1082 3949 1114 4005 1²
1133 3948 1282 4019 5845Barss

155 4026 193 4080 ad
215 4033 335 4169 a.L535,
363 4035 416 4099 405
440 4033 549 4089 Colleet.
577 4034 693 4100 Concide
719 4036 801 4090 BTA
823 4037 845 4089 I
866 4041 918 4091 512
1012 4039 1043 4092 21
1074 4039 1225 4092 continuati
1251 4039 1283 4092 V,

155 4128 223 4171 corr.
268 4118 328 4174 ott.
1067 4130 1069 4134 '
