2904 4672
573 223 860 292 Prolegomena,

156 419 219 485 Lea
235 421 424 502 presbyteris
446 423 474 484 et
494 419 675 483 diaconibus
699 417 920 483 Alexandrinis
941 418 1019 502 (54).

156 525 219 590 Lea
244 525 385 607 Teopltilo
406 529 435 590 et
456 524 563 590 ceteris
585 517 733 606 episcopis
755 523 915 606 Aeppptiis
936 523 1016 608 (55).

157 630 340 713 Symplitius
361 632 517 712 episcopm
540 629 660 695 Zenoni
684 632 822 713 Aupusta
844 628 923 715 (56).

157 735 336 817 Simplicius
356 736 469 800 Acatr'a
491 733 664 822 episcopa1)
691 723 1026 817 Constantinopolitano
1048 732 1127 820 (57).

157 840 341 924 Symplicins
365 841 473 905 Aeetia
495 838 576 927 (58).

158 945 344 1032 Symplicius
359 946 544 1027 presbyteris
561 951 590 1010 ct
608 945 861 1011 archimandritis
878 947 963 1027 apud
984 941 1277 1024 Constantinopolim

200 1052 371 1116 constitutis
392 1051 470 1138 (59).

157 1156 345 1240 Sumpticius
367 1155 487 1223 Zenoni
509 1158 648 1241 Aucusta
670 1157 751 1241 (69).

156 1263 234 1328 Item
246 1261 272 1348 2)
296 1261 482 1346 Sumpticius
504 1261 624 1328 Zenoni
645 1263 783 1345 Auausta
806 1260 884 1349 (62).

158 1368 343 1454 Symplicius
366 1371 476 1436 Acatia
500 1367 579 1454 (61).

157 1473 345 1562 Symplicius
366 1475 478 1539 Acatio
501 1473 580 1559 (63).

157 1578 344 1665 Symplicius
367 1578 486 1645 Zenoni
511 1580 647 1662 Aupusta
670 1578 751 1666 (64).

158 1685 344 1771 Symplicins
365 1686 476 1750 Acatia
499 1683 579 1772 (65).

157 1790 344 1877 Symplicius
366 1789 486 1857 Zenoni
506 1791 646 1874 Aupusta
668 1789 749 1876 (66).

157 1896 340 1980 Sumptitius
362 1897 475 1961 Acatia
498 1894 578 1983 (67).

157 2000 340 2084 Spmptitius
361 2001 473 2065 Acatio
488 2021 548 2082 per
576 1998 728 2066 Uranium
750 2000 831 2086 (68).

157 2105 343 2190 Symplieius
365 2107 474 2171 Acatio
497 2104 577 2192 (69).

158 2212 274 2277 Sancta
304 2213 441 2298 synodus
471 2213 557 2294 apud
587 2212 706 2277 beatium
739 2210 868 2278 Petrum
898 2212 1074 2294 apostolum.
1098 2215 1277 2295 conprepata

199 2317 356 2382 uniuersis
371 2317 560 2402 presbyteris
582 2322 610 2382 et
631 2309 883 2383 archimandritis
907 2316 1102 2382 lartltodaris
1126 2314 1277 2382 Constan-

200 2423 326 2504 tinopoli
347 2427 376 2488 et
396 2421 561 2488 Bitliniae
582 2424 754 2489 constitutis
777 2423 857 2509 (76).

155 2528 298 2610 Epistola
320 2526 434 2593 Felices
448 2548 555 2609 papae
576 2529 619 2592 ad
636 2527 767 2594 'Petrum
784 2523 1009 2593 Antliocenum
1030 2529 1205 2610 episcopum
1225 2528 1277 2593 dc-

193 2651 313 2716 poneus
343 2655 411 2699 eum
441 2635 516 2714 quia
545 2635 717 2714 passionem
748 2635 885 2714 corporis
919 2633 1034 2702 Olristi
1067 2632 1102 2697 in
1136 2632 1277 2697 trinitate

192 2738 396 2820 praedicabat
418 2738 497 2825 (71).

154 2843 297 2927 Epistola
323 2844 487 2925 Quintiani
508 2845 642 2928 episcopi
658 2845 810 2910 Asculani
828 2845 871 2908 ad
887 2845 1015 2910 eundem
1035 2840 1160 2910 Petrum
1181 2843 1277 2908 Anti·

198 2970 323 3016 accnum
345 2951 425 3036 (72).

154 3054 300 3138 Epistola
325 3055 443 3121 Iustini
473 3057 606 3140 episcopi
631 3057 674 3122 ad
700 3049 829 3121 amdan
856 3055 982 3121 Petram
1012 3058 1049 3122 de
1076 3055 1180 3121 cadem
1205 3075 1275 3120 cau

197 3180 234 3226 sa
257 3159 337 3246 (73).

154 3265 297 3348 Fpsnn
318 3267 490 3333 Anthemis
511 3268 645 3350 episcopi
666 3268 824 3334 Arscuoae
844 3268 888 3332 ad
908 3267 1036 3332 mndcm
1058 3266 1139 3354 (74).

153 3369 297 3453 Epistola
318 3372 468 3437 Faustini
490 3373 709 3454 Apolloniadas
729 3374 773 3438 ad
793 3373 896 3455 ipsrm
919 3371 998 3460 (75).

155 3475 296 3559 Epistola
321 3477 479 3560 Pamphili
500 3480 633 3561 episcopi
654 3479 831 3544 Auidarum
852 3478 896 3544 ad
916 3479 1043 3545 eundem
1066 3477 1146 3566 (76).

150 3578 298 3665 apuam
319 3582 464 3649 Elaecini
486 3585 619 3666 episcopi
641 3583 767 3666 Radope
788 3585 831 3650 ad
852 3586 957 3668 ipsum
979 3584 1060 3671 (77).

153 3688 299 3770 Epulala
320 3689 515 3772 Asclepiadis
536 3693 668 3773 episcopi
691 3691 848 3758 Tralensis
869 3692 913 3758 ad
933 3693 1062 3757 eundem
1083 3689 1164 3778 (78).

157 3792 303 3861 Gelasius
329 3797 486 3862 uniuersis
514 3798 663 3880 episcopis
685 3818 746 3879 per
766 3796 968 3862 Dardaniam
996 3797 1168 3863 constitutis
1193 3796 1273 3882 (79).

190 4008 210 4077 ¹)
228 4011 352 4080 episcopa
368 4010 411 4065 bis
433 4011 472 4079 V,·
488 4015 583 4086 postea
601 4016 747 4067 correctum
765 4017 814 4068 cst.

189 4095 211 4168 ²)
228 4097 312 4152 Tituli
331 4096 390 4169 e'pp.
408 4099 441 4154 61
463 4103 491 4153 et
508 4101 542 4155 62
561 4101 631 4154 inter
648 4117 676 4154 se
694 4102 852 4173 transpositi
871 4106 941 4157 sunt.
