2904 4672
175 273 239 336 436
466 269 589 324 Gelanins
607 270 629 323 1.
648 269 683 323 ad
700 270 847 325 Honorinm
866 272 1020 341 episcopum

174 463 312 547 coniugii
339 464 433 527 etiam
461 463 561 546 ipsius
590 483 660 529 caro
688 502 730 531 η
758 464 860 528 modis
889 466 1035 530 omnibns
1067 465 1098 529 in
1132 485 1209 530 cern
1240 466 1307 530 fieri

173 572 320 651 utroque,
349 570 432 653 qnod
460 570 580 635 dictum
608 575 657 634 est
685 571 753 635 siue
776 571 842 635 illic
866 572 1051 656 uirginem
1074 574 1215 637 castam
1239 574 1306 638 siue

172 675 223 740 hio
257 676 378 740 uirum
409 675 634 757 perfectum,
667 681 703 739 nt
733 677 778 740 ita
805 678 926 741 sintin
954 678 1106 742 eccleciae
1132 679 1306 744 catholicae

172 780 357 846 intemerata
378 782 439 846 fide
462 783 608 848 uiuentes
631 784 664 846 et
686 785 794 847 sancto
817 784 979 866 proposito
1003 785 1208 860 continentes,
1231 785 1306 850 licet

173 887 275 952 adhuc
297 889 392 971 positi
415 888 447 953 in
470 888 650 954 infirmitate
674 889 862 954 conditionis
888 890 1051 966 humanae,
1074 894 1112 956 ut
1127 893 1233 956 tannen
1252 911 1339 974 pers

172 1014 266 1058 unam
293 1013 417 1059 carnem
445 994 595 1059 ecclesiae
623 996 655 1058 et
678 993 805 1071 Christi,
828 993 861 1057 id
885 999 934 1058 est
957 995 1100 1078 coniugis
1123 998 1156 1059 et
1178 997 1251 1074 uiri,
1273 997 1302 1060 in

172 1101 241 1182 ipso
256 1119 380 1182 qnoque
394 1100 519 1164 uirilem
533 1100 688 1182 accipiant
701 1100 879 1165 firmitatem
899 1101 1102 1185 nigoremque
1118 1103 1303 1184 perfectum,

173 1206 264 1271 cuins
299 1227 356 1290 per
392 1207 542 1271 ecclesiae
578 1207 752 1290 uirgineam
788 1205 860 1270 fidei
898 1208 1086 1284 castitatem,
1119 1226 1200 1289 quae
1232 1226 1302 1272 cum

120 1313 163 1376 89
174 1311 282 1377 eodem
310 1331 372 1376 una
399 1332 481 1388 caro,
509 1312 589 1377 fiunt
616 1313 709 1377 etiam
739 1313 798 1376 nini
825 1313 964 1377 membra
991 1313 1139 1394 perfecta,
1168 1313 1224 1378 ubi
1250 1314 1306 1377 illa*

173 1437 297 1501 qnoque
319 1419 404 1483 beati
427 1420 562 1503 apostoli
585 1419 675 1483 Pauli
697 1419 793 1482 uerba
814 1419 977 1483 tractanda
999 1422 1082 1496 cunt,
1106 1419 1223 1501 quibus
1247 1420 1340 1483 nitzo

172 1544 298 1589 omnes
317 1544 382 1589 noo
402 1526 436 1589 in
456 1545 566 1590 unum
586 1544 719 1607 corpus
737 1524 922 1608 baptizati
941 1543 1068 1589 sumus
1088 1525 1123 1588 in
1139 1524 1300 1590 Christo.

169 1636 323 1714 qnantum
347 1630 387 1694 ad
404 1631 556 1695 unitatem
575 1630 685 1712 utique
703 1630 839 1713 pertinet
856 1630 1052 1703 sacramenti,
1071 1649 1169 1693 unum
1189 1648 1301 1712 corpus

168 1757 282 1802 eumue
318 1738 349 1801 in
384 1737 527 1812 Christo;
560 1742 712 1820 quantum
744 1736 781 1799 ad
814 1754 944 1800 sexuum
977 1736 1204 1811 diuersitatem‚
1236 1736 1301 1819 ipse

169 1844 246 1908 alibi
266 1844 358 1909 dicit:
379 1844 462 1908 siue
480 1844 538 1908 nir
556 1843 638 1908 siue
661 1843 809 1920 mulier,
834 1861 957 1907 omnes
981 1861 1092 1906 unum
1116 1861 1245 1907 sumno
1267 1843 1299 1906 in

170 1949 330 2016 Christo.
355 1968 503 2014 cumano
523 1950 605 2014 enim
623 1952 691 2013 toto
711 1968 850 2031 corpore,
870 1948 954 2030 qnod
973 1949 1040 2012 eino
1059 1950 1110 2012 est
1126 1948 1300 2031 plenitudo,
1316 1971 1337 2011 u

169 2057 328 2140 perfectus
368 2059 418 2120 est
458 2055 602 2121 Christus
639 2058 671 2119 et
705 2055 786 2132 ideo,
824 2055 897 2136 quia
932 2074 987 2137 per
1022 2074 1120 2118 unum
1157 2054 1302 2137 idemque

171 2163 365 2246 mysterium,
402 2163 478 2228 licet
513 2162 628 2227 diuersi
666 2181 768 2240 sonnis,
806 2180 903 2226 unum
939 2164 1043 2225 tamen
1080 2162 1149 2225 eius
1190 2180 1302 2244 corpus

171 2268 333 2351 accipitur,
378 2288 433 2351 per
477 2269 569 2333 cuius
609 2270 747 2351 corporis
787 2267 1013 2351 plenitudinem
1053 2267 1215 2348 perfectus
1257 2269 1303 2331 est

172 2372 326 2441 Christus.
355 2393 427 2438 cnm
455 2392 528 2457 ergo
556 2373 605 2437 uir
632 2372 776 2439 Christos
800 2373 951 2438 eccleciae
973 2376 1133 2454 tamquam
1159 2372 1301 2457 coniugis

172 2498 247 2543 suae
279 2482 311 2544 et
342 2483 437 2562 caput
468 2480 510 2544 sit
541 2483 574 2544 et
604 2480 705 2544 uirtus
738 2482 831 2561 atque
862 2479 1022 2563 perfectio,
1054 2479 1167 2544 merito
1202 2479 1301 2545 omnis
1316 2504 1339 2544 ro

171 2585 304 2650 ecclesia
330 2585 361 2649 in
386 2586 469 2651 hunc
492 2605 590 2650 unum
612 2586 716 2650 uimm
738 2585 923 2669 perfectum,
947 2586 1038 2650 cuins
1063 2587 1199 2650 estona
1223 2577 1311 2661 caro,

170 2690 351 2771 perhibetur
373 2710 543 2757 occurrere.

303 3029 453 3076 EPISTOLA
476 3026 598 3073 onnon
620 3026 725 3072 Panna
748 3026 792 3071 An
815 3025 970 3070 nonnum!
992 3025 1172 3073 nnlsconol.
1194 3080 1195 3083 Ἴ

217 3153 426 3200 nnnucnrsanro
454 3151 566 3197 rnnnnn
592 3149 725 3196 nononno
754 3149 911 3196 nannenus.
978 3130 1068 3194 Licet
1092 3130 1175 3194 inter
1200 3130 1303 3194 uarias
1317 3154 1338 3198 u

170 3246 349 3324 temporum
378 3239 579 3305 difficultates
608 3237 764 3303 continuis
793 3235 1049 3318 occupationibus
1076 3236 1234 3318 implicati
1256 3235 1303 3299 uin

171 3348 324 3430 ‚respimre
352 3347 525 3423 ualeamus,
553 3362 608 3427 pro
637 3343 721 3407 sedis
749 3346 852 3407 tamen
882 3341 1071 3424 apostolicae
1094 3341 1301 3405 moderamine

264 3537 294 3588 11
316 3535 374 3590 Cor.
395 3536 408 3588 I
429 3535 468 3588 12.
490 3535 522 3588 13
578 3535 611 3587 14
630 3531 689 3587 Gal.
709 3533 733 3594 3,
753 3529 787 3586 ⁴28

210 3643 305 3711 lpoat
329 3657 387 3694 caro
412 3642 542 3694 lacunam
564 3638 703 3703 indiacum
728 3637 849 3690 Thiolo'ar
871 3638 902 3689 iu
926 3637 964 3689 eis
982 3651 1052 3704 quoe
1069 3641 1221 3704 aequantur
1239 3636 1303 3690 addi

174 3733 236 3786 rcult
254 3729 363 3784 docetur
443 3730 459 3783 3
477 3728 540 3781 hnic
562 3728 593 3789 V,
613 3743 679 3780 corr.
699 3741 754 3781 roc.
775 3744 792 3775 α
809 3741 881 3782 man.
897 3729 968 3793 pont.
1041 3725 1156 3777 ecclesia
1175 3725 1303 3778 catholica

179 3820 241 3875 Cor.
324 3818 462 3872 inirilem
486 3817 522 3870 V.-
540 3816 626 3868 uiritir
646 3832 662 3864 α
746 3816 848 3882 8qnae
867 3812 979 3880 scripti:
998 3829 1078 3881 qnam
1100 3811 1132 3878 V,
1153 3830 1206 3882 qua
1229 3812 1303 3867 Putet

178 3909 209 3964 13
229 3924 318 3960 oenum
341 3906 372 3971 V,
391 3921 459 3960 corr.
479 3904 516 3958 0²:
536 3921 612 3958 oenus
631 3922 644 3973 p
698 3904 732 3956 22
752 3919 886 3956 occurrere
904 3887 977 3955 nrm.
1002 3901 1027 3952 V

211 3996 262 4049 98.
315 3994 383 4049 Dat.
409 4010 436 4047 a.
462 3990 790 4058 490(?)die281o1.
862 3989 935 4045 Edd.
962 3988 1302 4056 Car.1²343;t'ozleo.

179 4084 297 4150 Concil.;
319 4082 400 4136 ΒΤΑ
424 4081 445 4135 Ι
464 4084 538 4147 277;
563 4079 640 4133 Ttiel
664 4082 729 4143 321:
751 4079 792 4132 nil
815 4078 871 4133 uisi
887 4080 995 4146 primas
1020 4077 1091 4130 daos
1111 4077 1303 4148 poroproptos

177 4173 247 4226 Bar.
267 4171 306 4225 ad
325 4188 351 4225 a.
373 4174 440 4232 493,
459 4172 498 4222 24
551 4152 759 4222 24116111ῑῇ
783 4168 808 4220 V
