2904 4672
530 304 531 307 κ
634 268 720 338 Epist.
737 267 812 325 nou
832 269 909 326 1-s.
1260 273 1325 338 349

201 483 385 549 semperque
431 462 622 531 Christianae
667 465 871 530 confessionis
915 465 1031 530 iudicio
1076 465 1324 548 complectendas

200 565 371 637 Nicaeuam
403 569 774 653 Constantinopolitanam
807 571 1002 653 llphesenam
1027 571 1168 655 ¹primam
1204 570 1260 635 sed
1294 573 1326 634 et

203 675 465 743 Calcedononsem
492 675 628 759 synodos
655 675 1118 758 constatinreprehensibiliter
1149 676 1323 753 solidatam,

201 782 389 849 inconeussa
422 781 557 846 iubentis
588 799 664 865 pace
696 782 814 845 seruari
843 800 900 846 nec
933 780 1107 847 Christiano
1139 800 1325 864 quemquam

169 912 184 953 s
202 888 355 954 uocabulo
378 887 574 969 nuncupetis,
599 887 654 970 qui
676 906 709 956 se
733 907 752 952 a
772 887 980 968 praelatarum
999 888 1186 970 synodorum
1203 888 1324 951 unitate

201 993 349 1078 seiungit,
377 996 418 1071 et,
446 994 500 1077 qui
527 993 621 1058 fidem
649 1012 754 1058 earum
781 1013 841 1058 non
869 994 1012 1059 omnibus
1035 993 1155 1058 uiribus
1179 993 1324 1075 omnique

167 1175 169 1180 Ι
201 1097 340 1187 defendit
369 1099 489 1178 adnisu,
521 1118 581 1166 non
612 1098 812 1192 iudicandum
844 1099 899 1164 sed
929 1100 992 1163 iam
1019 1098 1192 1163 iudicatum
1219 1099 1324 1181 potins

201 1205 384 1270 aestimetis.
408 1205 460 1270 cui
481 1225 540 1271 non
560 1224 633 1289 ergo
653 1205 850 1270 sacerdotum
867 1204 1035 1270 iucundam
1054 1204 1274 1275 exultationem
1293 1206 1325 1269 et
1346 1203 1366 1265 3

202 1311 316 1396 gaudia
337 1310 458 1376 infinita
480 1311 633 1388 conciliet,
654 1311 736 1394 quod
758 1311 907 1375 insertum
929 1330 984 1394 per
1006 1310 1055 1375 dei
1077 1310 1176 1375 nostri
1193 1309 1325 1395 gratim

156 1441 183 1480 no
202 1416 286 1482 cordi
313 1419 418 1483 uestro
445 1419 550 1483 lumen
579 1416 776 1500 euangelioae
803 1416 945 1480 ueritatis
967 1416 1208 1501 perniciosorum
1232 1418 1324 1498 atque

201 1523 426 1588 haereticorum
454 1522 753 1607 dogmatumnocte
781 1522 924 1590 discussa
949 1523 1119 1588 uniuersali
1149 1521 1327 1604 resplendet

202 1629 373 1709 ecclesiae?
402 1629 485 1694 absit
511 1649 584 1713 ergo
612 1649 631 1694 a
656 1629 756 1706 nobis,
779 1632 825 1707 ut,
849 1629 933 1712 quod
957 1630 1100 1695 omnibus
1122 1629 1270 1693 frutribus
1294 1631 1325 1692 et

199 1735 395 1818 coepiscopis
417 1735 532 1800 nostris
555 1753 698 1819 generare
722 1735 871 1820 gaudium
893 1735 1082 1819 profitemur,
1095 1737 1246 1800 'nostrum
1264 1753 1324 1799 non

201 1843 257 1907 aut
287 1861 359 1906 cnm
390 1841 534 1907 omnibus
566 1841 735 1906 misceatur
766 1844 830 1920 aut,
863 1842 946 1925 quod
977 1842 1078 1925 magis
1110 1841 1239 1926 dignum
1266 1844 1324 1919 est,

157 1966 298 2030 usupra
336 1949 466 2012 cunctos
507 1947 657 2013 emineat,
716 1966 751 2011 ex
791 1967 853 2030 qua
891 1967 924 2012 re
971 1947 1092 2024 denota,
1137 1945 1368 2012 uenerabilis4

199 2053 377 2136 imperator,
396 2053 603 2137 gratulatione
622 2053 829 2136 suscepimus,
848 2053 932 2136 quod
950 2055 1057 2118 ardore
1074 2052 1147 2116 fidei
1166 2054 1198 2116 et
1216 2052 1322 2117 suauis

198 2158 375 2224 iracundiae
407 2159 613 2224 commotione
646 2159 787 2224 succensi
819 2159 909 2224 nobis
942 2159 1036 2225 etiam
1067 2159 1136 2252 pios
1169 2158 1344 2237 direxistis

200 2263 334 2344 adfatus,
369 2264 402 2328 in
438 2264 552 2348 quibus
589 2265 696 2331 beatae
731 2264 954 2330 recordationis
988 2264 1200 2357 Caelestinum
1233 2266 1325 2345 atquo

199 2371 333 2435 Leonem
357 2370 545 2453 apostolieae
568 2371 651 2436 sedis
674 2372 843 2454 praesules,
867 2371 922 2453 qui
944 2370 1083 2454 singulas
1106 2369 1250 2434 haereses
1268 2388 1322 2451 pro

154 2499 181 2539 so
201 2476 307 2541 diuina
328 2476 390 2542 sibi
413 2477 642 2560 dispensatione
665 2477 832 2542 commissa
854 2495 925 2541 cum
945 2476 1086 2561 synodali
1104 2476 1324 2559 aggregatione

200 2581 392 2658 damnantes,
420 2582 495 2664 qnid
522 2583 626 2648 cuncti
652 2582 838 2667 generaliter
864 2583 952 2665 sequi
985 2582 1115 2647 debeant
1146 2580 1323 2658 Olaristiani,
1385 2570 1387 2572 ’

199 2706 345 2752 mansura
370 2687 401 2751 in
430 2706 544 2753 aeuum
569 2689 640 2772 lege
668 2691 842 2766 sanxerunt,
874 2688 1025 2753 laudabili
1056 2687 1323 2752 commemorastis

198 2793 321 2858 affectu.
358 2813 489 2876 quorum
524 2793 697 2876 probabilia
733 2794 904 2860 constituta
941 2797 1063 2858 sanctae
1102 2793 1323 2858 recordationis

197 2898 366 2963 Hormisda
392 2902 485 2981 atque
512 2899 663 2964 Iohannes
691 2899 794 2964 senior
819 2918 874 2964 nec
901 2918 961 2964 non
989 2902 1021 2964 et
1041 2899 1196 2983 Agapitus
1221 2898 1322 2963 deces-

153 3027 180 3068 as
199 3022 284 3069 sores
319 3005 419 3070 nostri
453 3024 508 3088 per
544 3005 646 3070 omnia
679 3007 898 3070 conseruantes
930 3005 1093 3069 uniuersos
1121 3004 1323 3069 Nestorianae

115 3108 117 3112 ’
199 3111 291 3191 atque
309 3110 518 3193 Eutychianos
537 3128 685 3193 sequaces
703 3110 842 3174 haeresis
858 3110 962 3175 iustae
984 3103 1135 3174 mucrone
1154 3110 1322 3174 sentcntiae

197 3215 404 3296 perculerunt.
428 3216 511 3297 qrrod
532 3235 589 3281 nos
613 3216 748 3286 summis,
763 3216 883 3280 uiribus
903 3215 992 3298 sequi
1010 3234 1194 3297 summoque
1213 3215 1323 3279 adnisu
1347 3217 1365 3279 5

199 3321 358 3386 defendere
381 3321 507 3403 pietatis
530 3324 654 3386 uestrae
678 3322 841 3387 clementia
856 3322 1067 3387 indubitanter
1085 3323 1247 3406 agnoscat3
1269 3321 1323 3385 sed

197 3429 229 3489 at
255 3426 338 3491 beati
365 3427 476 3491 Leonis
506 3427 654 3508 epistolas
683 3427 722 3490 ad
745 3422 873 3492 sanctae
892 3427 1112 3492 reeordationis
1136 3427 1322 3501 Flauianum

232 3683 360 3738 dnicena
382 3685 412 3749 V,
432 3700 533 3739 corno
603 3685 739 3739 iserberi
761 3685 787 3738 V
854 3686 948 3755 5quis
968 3701 1000 3739 ea
1016 3692 1034 3757 p
1052 3684 1137 3740 fratrc
1159 3684 1277 3750 V,‘corr.
1296 3682 1323 3736 ο2

195 3773 212 3826 6
239 3789 292 3826 non
316 3771 356 3827 cd:
379 3773 407 3827 in
435 3773 461 3826 V
549 3773 580 3827 13
606 3774 691 3827 nostri
714 3773 744 3836 V,
769 3788 836 3827 corr.
861 3791 878 3824 u
967 3774 1001 3829 14
1028 3776 1059 3827 nt
1082 3775 1146 3842 (pro
1170 3775 1227 3838 aut)
1252 3771 1324 3842 quod

200 3861 232 3924 V,
255 3877 322 3915 corr.
347 3861 373 3913 ο2
451 3861 485 3916 20
507 3862 680 3931 segregatione
704 3860 741 3917 V.-
763 3862 972 3930 congregatione
996 3862 1059 3916 Car.
1140 3861 1174 3915 22
1198 3860 1276 3914 ebum
1301 3860 1326 3913 V

194 3949 421 4003 commemorastis
443 3949 554 4022 scripsi:
584 3952 776 4004 commorantes
804 3949 835 4013 V,
859 3957 892 4018 ‘pa
921 3952 1157 4004 commemorantes
1179 3950 1224 4004 ml
1251 3966 1321 4004 com.
1373 3956 1375 3960 ⁴

195 4038 356 4091 memoratis*
377 4036 403 4087 ο2
469 4037 504 4092 24
521 4039 643 4092 iohannis
666 4039 692 4091 V
755 4039 930 4092 assuminus
954 4038 979 4092 V
1047 4039 1124 4108 requi
1142 4056 1168 4091 0:
1188 4041 1210 4092 si
1230 4039 1276 4108 qui
1299 4038 1325 4091 V

193 4151 229 4206 aa
248 4109 327 4206 read
349 4153 375 4206 r
