2904 4672
552 262 835 332 Prolegor'nena.
1150 266 1256 331 XXXI

132 459 264 543 deniqne
303 459 410 521 notata
445 455 597 538 quaedam
632 456 820 522 breuissima
850 456 887 520 ad
918 476 968 521 res
1004 458 1176 540 spectantia
1210 458 1253 523 di·

130 584 248 630 uersas.

174 669 265 750 Quod
300 669 485 733 Auellanam
517 667 644 745 adtinet,
677 669 889 752 apographum
923 689 991 752 epp.
1024 671 1165 747 42-44,
1199 673 1251 749 41,

129 777 260 840 45-50
289 777 461 839 ceterarum
489 774 694 856 epistularum
722 775 899 858 apographo
923 776 985 838 iam
1009 776 1047 839 ad
1069 776 1162 840 finem
1184 795 1254 858 per·-

129 871 223 946 13313
251 880 421 964 praefixum
449 899 519 944 esso
546 879 617 944 inde
645 883 781 964 apparet,
810 881 893 963 quod
921 881 1077 964 antiquior
1100 882 1251 965 quaedam

126 988 274 1052 foliorum
305 986 440 1071 signatio
472 986 583 1068 incipit
612 986 649 1050 ab
684 1005 730 1069 ep.
766 988 804 1051 51
838 987 1036 1070 pertinetque
1074 1007 1174 1069 usque
1210 989 1250 1051 ad

128 1093 222 1158 finem
246 1092 362 1158 codicis
386 1089 454 1178 (fol.
475 1077 626 1175 lss-252).
647 1092 697 1156 cui
717 1092 837 1175 corpori
854 1095 1058 1175 posteaquam
1077 1094 1253 1176 praeposita
1301 1128 1302 1132 =

128 1201 203 1264 sunt
217 1199 258 1262 14
273 1198 358 1276 folia,
374 1217 452 1280 quae
468 1198 626 1263 continent
641 1197 792 1282 epistulas
807 1198 878 1262 11133
894 1198 1035 1274 42-44,
1050 1200 1102 1277 41,
1122 1201 1253 1264 45-50

127 1326 145 1371 a
171 1323 266 1369 manu
291 1304 347 1367 illa
374 1304 472 1367 altera
498 1303 642 1384 scriptas,
670 1307 763 1368 uetus
791 1304 926 1388 signatio
953 1305 1059 1369 locum
1092 1305 1176 1369 dedit
1206 1326 1252 1370 re·

127 1411 257 1477 33111311
282 1409 354 1473 inde
379 1409 415 1472 ab
439 1407 529 1474 initio
551 1408 650 1473 totius
673 1409 745 1472 libri
767 1428 867 1491 usque
895 1409 935 1491 ad
961 1409 1053 1475 finem
1082 1412 1252 1494 porrigenti

126 1515 196 1603 (fol.
222 1516 373 1595 1-263).

172 1623 318 1689 Codieem
343 1643 358 1704 p
381 1620 535 1703 pertinere
558 1619 597 1685 ad
619 1619 820 1703 propaginem
845 1620 961 1686 codicis
985 1643 1015 1700 α,
1039 1622 1093 1685 ubi
1116 1623 1252 1704 primum

125 1748 296 1813 paucarum
307 1726 514 1811 epistularum
527 1725 679 1790 lectiones
692 1725 870 1790 adcuratius
887 1728 1122 1806 examinaueris,
1143 1730 1252 1794 statim

126 1836 245 1910 elucet;
283 1832 323 1898 cf.
361 1831 494 1915 exempli
531 1850 641 1896 causa:
679 1832 770 1916 618,6
804 1834 991 1914 concrepatis
1022 1834 1171 1914 episcopis
1202 1835 1249 1898 V:

125 1940 275 2024 episcopis
304 1938 492 2021 coaprepoio's
519 1959 565 2020 αρ
634 1938 726 2023 645,,
755 1937 933 2002 memoriam
953 1938 1061 2022 faeere
1083 1939 1127 2003 V:
1143 1939 1255 2021 secere

124 2047 303 2112 mensorium
318 2066 360 2129 αρ
408 2043 485 2128 6l78
499 2043 657 2125 redoptanda
670 2043 807 2112 homines·
818 2041 860 2108 V:
874 2043 1011 2108 homiues
1023 2044 1180 2127 reliploots
1189 2067 1249 2130 op3

126 2155 278 2239 originem
299 2171 371 2216 eum
390 2150 516 2215 duxisse
535 2170 570 2216 er
589 2150 797 2221 Ottobonianc
816 2173 833 2215 o
852 2170 888 2216 eo
908 2151 1147 2228 demonstratur,
1166 2151 1250 2234 quod

124 2261 297 2344 permultas
334 2276 440 2322 earum
476 2258 732 2335 coniecturarum,
770 2276 846 2340 quas
878 2257 979 2322 codici
1011 2281 1027 2321 3
1058 2259 1248 2324 recentiores

124 2385 235 2432 marrus
267 2364 496 2446 adsperserunt,
527 2363 559 2427 in
593 2361 699 2427 codice
722 2382 738 2445 ρ
762 2366 817 2428 3111
846 2363 877 2427 11
909 2364 1076 2427 uerborum
1108 2364 1246 2429 ordinem

124 2474 265 2554 receptas
293 2473 348 2534 aut
376 2468 485 2534 codem
512 2468 605 2533 modo
634 2473 726 2551 atque
754 2469 785 2533 in
809 2469 901 2533 31131
928 2469 1062 2552 margini
1089 2471 1140 2534 uel
1167 2471 1247 2552 ipsis

123 2577 228 2645 uerbis
261 2594 279 2640 a
308 2573 408 2657 prima
439 2591 533 2640 manu
567 2573 739 2657 adscriptas
770 2574 902 2638 inuenio.
939 2575 1030 2638 uelut
1057 2596 1083 2658 p,
1115 2577 1152 2637 ut
1184 2575 1244 2640 duo

124 2681 265 2765 exempla
296 2679 432 2744 adferam
463 2698 518 2761 pro
547 2680 711 2758 sexcentis,
739 2681 817 2764 3488
844 2679 1022 2759 perpetuitas
1051 2682 1082 2744 et
1107 2679 1187 2744 hooc
1213 2681 1244 2744 in

15 2870 17 2873 Ι
122 2791 191 2873 ipso
215 2791 313 2867 textu,
337 2787 414 2871 403,
440 2791 471 2850 31
492 2833 504 2871 ,
528 2787 754 2867 coelaturarum
770 2787 883 2868 p(oto)
902 2789 934 2850 31
951 2790 996 2850 est
1014 2790 1122 2850 temere
1138 2788 1249 2868 moto)

124 2918 142 2962 a
163 2897 265 2980 prima
286 2912 380 2958 manu
403 2892 519 2974 scripta
541 2893 571 2956 in
595 2892 733 2976 margine
757 2893 889 2957 exhibet.
965 2908 966 2913 ’

166 3000 266 3066 Nobis
294 2998 424 3081 codexp
448 2997 487 3063 ob
514 3016 612 3066 unum
638 2997 670 3061 id
698 2999 878 3063 nonnullius
904 2998 1056 3063 momenti
1078 3000 1136 3076 est,
1160 2998 1243 3080 quod

122 3108 206 3174 idem
220 3105 325 3181 homo,
341 3115 432 3186 quem
448 3103 617 3186 supradixi
631 3122 771 3168 exarasse
791 3123 860 3186 epp.
881 3106 1010 3169 51-72
1030 3107 1062 3168 31
1081 3104 1244 3185 94-243,

123 3233 183 3279 non
214 3213 318 3277 solum
348 3210 397 3274 his
429 3209 507 3292 ipsis
539 3209 686 3292 epistulis
720 3210 775 3275 sed
807 3210 901 3275 otiam
933 3211 989 3288 eis,
1018 3229 1096 3292 quae
1124 3211 1161 3274 ab
1188 3210 1248 3275 illa.

123 3321 222 3384 altera
243 3336 337 3381 mann
360 3316 523 3381 absolutae
547 3318 630 3392 sunt,
650 3316 766 3381 multas
792 3316 958 3398 adscripsit
973 3315 1075 3380 uarias
1093 3316 1243 3382 lectiones

122 3445 199 3509 quas
232 3423 269 3488 ab
302 3441 338 3487 eo
369 3440 424 3504 per
456 3422 665 3486 coniecturam
697 3422 839 3487 intentas
873 3440 941 3486 esse
972 3424 1107 3492 testatur
1138 3422 1244 3487 littera

116 3552 153 3613 p,
169 3529 225 3614 (=
232 3525 324 3614 poto)
340 3528 433 3592 etiarn
446 3527 498 3592 hie
511 3546 607 3610 paene
622 3528 766 3592 omnibus
781 3526 933 3610 adposita.
953 3547 1031 3610 quae
1050 3528 1245 3594 coniecturae

123 3653 312 3719 quamquam
337 3652 372 3698 ex
394 3652 507 3716 magna
528 3637 614 3716 parte
636 3636 771 3698 temerae
795 3636 877 3714 sunt,
900 3636 1004 3698 tamen
1027 3634 1137 3700 multis
1164 3633 1242 3699 locis

74 3750 76 3754 ’
121 3743 214 3825 inque
251 3741 296 3806 eis
332 3738 489 3805 nonnullis
526 3739 603 3804 satis
640 3740 728 3825 graui
765 3740 940 3823 corruptela
971 3739 1104 3804 turbatis
1135 3759 1242 3804 ueram

121 3847 273 3912 medelam
299 3844 489 3910 adtulerunt.

167 3951 254 4032 Quae
277 3970 349 4016 cum
372 3950 418 4014 ita
435 3950 508 4027 sint,
527 3949 664 4016 litteram
684 3970 700 4034 ρ
720 3950 764 4016 313
784 3951 935 4035 adponam
952 3951 1140 4017 lectionibus
1158 3951 1253 4040 haud*

121 4059 166 4123 ita
196 4056 318 4132 multis
352 4074 428 4138 quas
462 4055 522 4120 duo
549 4056 597 4120 illi
623 4057 752 4136 librarii,
781 4047 835 4140 qni
863 4058 1001 4122 codicem
1029 4031 1242 4133 exercuerunt

122 4162 229 4228 statim
257 4161 288 4225 irr
316 4160 386 4244 ipso
416 4181 450 4226 eo
475 4161 675 4228 describendo
700 4163 958 4239 emendauerunt3
982 4163 1088 4229 littera
1109 4180 1183 4227 nero
1208 4166 1241 4245 p2
