2904 4672
133 247 197 311 260
404 243 508 314 Uigilii.
519 244 695 299 oonsfitntam
714 243 746 298 da
765 244 850 299 tribus
869 245 993 315 capitulis

46 433 108 498 108
174 438 210 502 In
232 451 328 517 supra
345 437 459 520 scripto
479 438 629 503 uicesimo
649 439 757 520 quinto
776 439 913 521 capitulo
933 439 971 504 de
989 457 1025 505 eo
1044 440 1117 505 loco
1136 441 1255 525 psalmi,

131 545 186 608 ubi
214 543 306 609 dicit:
337 543 530 609 dederunt
556 544 594 608 in
622 563 713 608 esca
739 564 822 610 mea
848 545 903 610 fel
931 549 969 610 et
999 546 1147 629 insiti
1178 565 1256 613 moa

127 652 377 734 ›potanerunt
405 669 461 715 me
490 655 620 729 aceto,
650 653 758 716 contra
784 651 962 716 euidentem
989 652 1150 737 euangelii
1180 654 1256 719 neri-

6 776 9 782 ·
130 758 230 822 tatem
261 757 423 839 exponitur
454 757 595 836 dicendo,
628 757 702 841 quia
731 775 789 823 nec
821 777 895 822 uere
926 761 1013 824 aceto
1050 761 1181 842 potatus
1217 759 1257 825 sit

131 861 275 928 dominus
307 864 361 928 sed
393 863 432 928 ad
462 863 626 929 tristitiam
658 882 748 929 suam
780 868 812 929 et
845 864 1037 930 iracundiam
1074 865 1286 931 offerentume

130 968 322 1050 potationem
349 969 493 1035 habuerit
519 970 550 1033 in
579 969 659 1034 aceti
685 970 755 1036 loco
779 973 815 1035 et
841 988 944 1036 eseam
966 970 999 1034 in
1020 969 1117 1049 fellis,
1141 989 1198 1036 nec
1221 970 1256 1037 de

127 1074 198 1157 ipso
220 1074 414 1157 praedictum
437 1075 492 1140 sod
515 1075 740 1160 euangelistam
763 1077 822 1142 hoc
843 1076 1022 1142 testimonio
1046 1094 1143 1141 usum
1160 1077 1256 1143 fuisse

130 1199 166 1244 or
188 1182 304 1245 euentu
322 1180 352 1245 in
373 1180 507 1247 domiuo.
525 1184 698 1265 propterea,
718 1182 773 1264 qui
789 1183 866 1247 haec
883 1182 929 1247 ita
947 1181 1029 1265 sapit
1047 1181 1142 1247 docet
1159 1182 1256 1248 credit

130 1288 185 1352 ant
205 1286 373 1368 praedicat,
397 1288 563 1353 anathema
585 1287 636 1355 sit.

45 1476 107 1540 109
550 1484 712 1558 capitulum
733 1484 834 1543 XXVI.
1271 1483 1290 1567 ι,

173 1607 253 1667 Sicut
274 1608 361 1682 igitur
382 1626 434 1682 per
455 1609 617 1668 huiusmodi
639 1608 847 1668 confessionem
864 1624 922 1667 non
940 1607 1055 1666 deitatis
1072 1607 1257 1667 Nathanahal

129 1696 240 1755 habens
267 1696 415 1757 scientiam
443 1696 603 1756 ostenditur
628 1697 738 1770 (Iudaei
765 1699 794 1755 et
819 1696 975 1756 Samaritae
1006 1695 1077 1754 talia
1107 1698 1255 1771 sperantes

128 1785 281 1860 plurimum
299 1787 437 1860 qnantum
457 1785 503 1844 dei
520 1785 601 1844 uerbi
619 1803 636 1844 a
653 1785 775 1845 scientia
794 1785 880 1860 longe
903 1786 1004 1858 erant),
1027 1784 1070 1843 sio
1093 1787 1123 1844 et
1144 1785 1257 1845 Mardus

129 1891 181 1947 per
194 1873 403 1934 confessionem
419 1874 498 1932 illam
515 1889 573 1933 non
593 1873 707 1933 deitatis
725 1875 835 1933 habens
852 1876 923 1933 tnnc
940 1872 1090 1932 seientiam
1107 1874 1255 1948 probatur,

44 1955 107 2019 110
129 1961 280 2021 manifesto
307 1965 402 2022 autem
428 1979 482 2022 nec
507 1963 610 2022 beatus
637 1963 755 2023 Petrus:
783 1963 877 2021 adhue
903 1961 1007 2021 etenim
1033 1960 1105 2034 ipsis
1133 1961 1256 2022 sufficis·
1271 1977 1292 2016 u

129 2051 182 2109 bat
206 2053 275 2110 tunc
302 2050 504 2111 reuelationem
530 2052 608 2110 illam
636 2050 869 2127 suscipientibus¹
883 2050 1068 2125 praecipuum
1096 2049 1207 2126 aliquid
1229 2052 1258 2110 ot

128 2139 222 2198 mains
249 2141 284 2199 de
310 2140 374 2214 ipso
400 2142 514 2214 praeter
540 2143 650 2199 ceteros
676 2139 824 2199 hominum
844 2138 999 2198 fantasiam
1021 2138 1168 2214 accipere3
1190 2141 1257 2213 post

129 2227 364 2287 resurrectionem
391 2231 486 2288 antem
513 2228 615 2302 spiritu
640 2228 772 2303 producti
800 2230 838 2288 ad
858 2227 1008 2287 scientiam
1029 2229 1100 2288 tnnc
1122 2229 1154 2287 ot
1174 2244 1256 2287 reue·

128 2316 245 2376 lationis
271 2315 428 2391 perfectam
455 2316 604 2377 scientiam
631 2317 837 2394 suscipiebant,
860 2317 894 2376 nt
914 2316 1030 2387 senona,
1053 2315 1122 2390 qnia
1143 2315 1256 2391 praeci·

128 2422 217 2479 pnnm
239 2405 295 2479 ipsi
316 2409 430 2486 praeter
451 2408 561 2466 cetoros
581 2406 712 2466 homines
734 2422 792 2465 non
815 2405 911 2480 aliquo
933 2419 1005 2479 puro
1022 2405 1129 2464 honore
1149 2422 1184 2464 ex
1202 2405 1255 2464 deo
1271 2419 1294 2462 ao

128 2493 269 2567 peruenit,
297 2495 373 2554 sicut
397 2495 429 2553 in
456 2494 558 2554 ceteris
584 2495 758 2566 hominibus,
785 2496 837 2553 sed
861 2511 914 2568 per
939 2493 1078 2552 unitatem
1105 2493 1144 2552 ad
1171 2495 1256 2553 deum

129 2583 257 2654 uerbum,
284 2601 336 2658 per
362 2601 447 2659 qnam
475 2583 567 2647 omnis
593 2583 709 2643 honoris
736 2583 762 2642 oi
787 2582 931 2657 particeps
954 2584 999 2641 est
1018 2583 1087 2656 post
1106 2580 1137 2640 iu
1161 2581 1256 2642 caelos

129 2688 289 2732 ascensum.

44 2787 104 2852 111
171 2789 209 2856 In
240 2808 334 2873 supra
365 2788 481 2872 scripto
513 2788 664 2854 uicesimo
697 2790 782 2853 serto
820 2787 958 2870 capitulo
995 2790 1027 2852 et
1062 2785 1255 2871 agnitionem

129 2896 256 2962 deitatis
294 2895 411 2961 Christi
447 2897 517 2960 ante
553 2894 810 2959 resurrectionem
846 2892 913 2958 eius
952 2891 1065 2957 Petrus
1105 2891 1294 2960 habuissem

129 3007 271 3088 negatur,
297 3002 463 3067 fantasiam
489 3021 564 3066 uero
590 3000 823 3085 intellegentiae
845 3019 918 3082 prae
940 2998 1053 3064 ceteris
1073 2999 1254 3065 hominibus

129 3110 287 3193 accepisse
314 3109 436 3186 dicitur,
465 3110 497 3173 et
522 3126 631 3173 rursus
659 3106 794 3172 dualitm
819 3104 955 3171 filiorum
982 3105 1150 3180 inducitur,
1180 3105 1254 3170 dnm

128 3215 286 3282 hominem
312 3213 496 3298 participem
523 3213 600 3278 dicit
626 3212 665 3278 ad
692 3213 785 3278 deum
811 3212 954 3290 uerbum,
985 3213 1192 3294 posteaquam
1221 3212 1252 3276 in
1280 3263 1283 3268 .

216 3533 234 3587 2
256 3531 355 3588 Psalm.
380 3531 422 3596 68,
445 3531 480 3586 22
569 3531 603 3586 10
626 3531 692 3600 Gap.
714 3529 802 3584 XXVI
820 3555 854 3576 =
872 3530 932 3584 not.
955 3530 1018 3599 Sym
1044 3530 1079 3584 25
1103 3529 1253 3596 (windam

132 3620 268 3676 Uocodon'
289 3637 322 3676 mr
343 3620 412 3676 latro
429 3620 520 3690 ptimo
545 3619 578 3674 ric
601 3618 837 3674 incarnatione.)
855 3617 891 3686 G)
981 3617 1012 3671 ll
1036 3615 1070 3673 ci.
1091 3615 1151 3682 Ioh.
1176 3616 1252 3681 1,4e
1277 3661 1279 3664 .

130 3710 164 3766 13
182 3709 216 3764 oi.
233 3708 291 3765 Ich.
311 3711 354 3775 11,
371 3709 406 3764 27
462 3711 494 3764 15
512 3708 545 3763 oi.
563 3709 661 3766 mocon.
680 3709 721 3773 16,
742 3708 774 3762 16

167 3884 380 3956 luigesimoV
449 3884 578 3939 3acoeto
601 3882 628 3936 V
695 3884 793 3936 daero
811 3882 881 3938 Bar.
949 3879 1153 3938 sufferentium
1170 3881 1251 3950 000100

130 3973 301 4032 daooetit'
351 3972 557 4042 'tanangelista
574 3972 606 4037 V,
624 3987 725 4028 correo
779 3972 811 4025 11
830 3967 984 4023 huiusmodi
1003 3968 1040 4022 V:
1058 3966 1193 4026 hnismodi
1210 3967 1251 4027 0².

28 4102 31 4105 -
130 4062 209 4117 huius
226 4063 265 4118 rei
286 4060 325 4116 0¹.
391 4062 423 4116 17
443 4063 545 4116 eeteros
567 4059 626 4116 VO:
652 4062 799 4114 ceterorum
817 4058 926 4123 Sumus,
944 4057 1019 4125 falec
1035 4055 1067 4112 td
1084 4056 1199 4126 madum,
1217 4057 1250 4124 cf.

129 4165 200 4218 quac
220 4150 363 4220 respondet
383 4148 501 4220 Uip-'tim
568 4148 685 4213 fantasia
701 4146 771 4201 Bar.
