2904 4672
129 180 224 275 XIIII
552 204 839 274 Prolegomeue.

130 396 304 463 Honncisda
329 395 486 461 Gennuno
509 395 647 476 episcopo
669 396 698 457 et
718 393 809 459 sociis
832 393 936 481 (229).

130 502 303 585 Exemplar
323 502 483 568 relationis
506 498 697 566 Possesson's
719 500 854 581 episcopi
875 499 953 582 Asci
976 501 1079 587 (230).

130 608 306 675 Hormisda
327 608 503 674 Possessori
524 608 662 689 episcopo
686 604 789 692 (231).

130 714 273 781 Instinns
295 715 456 798 Anpnstns
478 711 667 777 Hormisdae
686 732 790 793 papae
812 712 916 798 (232).

131 819 302 902 Exemplar
317 840 448 901 precum
471 817 548 906 (232
565 819 605 900 a).

129 925 302 1011 Exemplar
313 925 337 1010 ¹)
373 926 533 990 relationis
566 924 678 1008 synodi
717 923 1074 1006 Constantinopolitanae
1109 927 1147 991 de
1178 928 1261 993 oreli-

173 1034 298 1097 natione
320 1030 495 1112 Epiphanii
517 1031 651 1113 episcopi
674 1028 778 1114 (234).

131 1137 305 1220 Exeonplar
326 1137 470 1218 epistolae
492 1136 667 1201 Iustiniani
689 1135 791 1220 (235).

130 1243 306 1307 Hormisdn
326 1243 449 1308 Instino
471 1243 611 1325 Anpnsto
634 1241 734 1329 (236).

131 1349 304 1415 Hormisda
325 1348 506 1430 Epiphanio
529 1350 665 1431 episcopo
691 1348 1027 1430 Constantinopolitano
1049 1349 1152 1437 (237).

129 1455 304 1521 Honorando
324 1455 446 1519 Instino
468 1454 607 1538 Anpnsto
631 1453 733 1538 (238).

130 1560 303 1626 Hormisdu
324 1559 505 1642 Epiphanio
527 1562 666 1642 episcopo
692 1559 1030 1641 Constantinopolitano
1053 1562 1154 1647 (239).

129 1666 304 1732 Horoocisdo
316 1668 433 1749 ⁸spolaeto
450 1665 806 1747 Constantinopolitanae
819 1666 856 1730 ‹te
870 1666 1063 1732 ordinatione
1076 1666 1256 1751 Epiphanii

174 1773 309 1854 episcopi
330 1771 432 1858 (240).

128 1877 271 1943 Instinns
293 1877 452 1962 Anyustns
474 1877 663 1943 Hormisetae
679 1894 785 1959 papae
806 1876 908 1963 (241).

129 1983 301 2065 Exempla
310 1983 470 2048 relationis
478 1982 654 2065 Epiphanii
662 1984 797 2066 episcopi
810 1980 1143 2064 Constantinopolitani
1150 1983 1253 2072 (242).

128 2088 302 2171 Exemplar
324 2089 468 2171 epistolae
488 2089 661 2154 Iustiniani
681 2089 748 2153 niri
769 2088 901 2154 illustris
923 2087 1027 2176 (243).

128 2192 329 2277 Epiphanius
351 2195 390 2260 de
411 2195 566 2276 lapidibus
588 2195 631 2260 aa
651 2193 825 2267 Diodorum
847 2196 1021 2277 epncopnm
1043 2195 1143 2283 (244).

172 2388 264 2454 Huuo
298 2388 433 2454 indicem
466 2389 498 2453 iu
526 2388 688 2455 codieeV
723 2388 881 2474 excipiunt
907 2389 1050 2474 singulae
1082 2389 1245 2473 epistulae.

128 2492 267 2574 epistula
280 2494 343 2558 244
359 2493 397 2559 ad
411 2495 503 2559 finem
521 2494 672 2577 perducta
693 2515 754 2561 uon
776 2497 842 2572 est3
867 2494 972 2561 deficit
994 2495 1077 2560 enim
1099 2496 1129 2560 in
1149 2496 1253 2561 media

127 2599 191 2664 fere
214 2599 359 2665 columna
376 2601 473 2665 altera
489 2600 559 2666 folii
579 2601 652 2666 163¹
670 2601 775 2666 uerbis
793 2620 824 2683 p.
846 2600 939 2684 77324
955 2600 1081 2666 nilibns
1099 2601 1253 2688 qninqua-

121 2705 214 2787 pinto
243 2705 369 2783 dnobus,
403 2706 471 2771 siue
508 2705 592 2787 quod
627 2707 816 2790 archetypus
846 2707 946 2771 nostri
977 2705 1095 2771 codicis
1125 2706 1158 2771 in
1190 2706 1250 2771 fine

127 2808 293 2875 mutilatus
321 2813 387 2875 erat
422 2811 491 2875 siue
527 2810 610 2894 quod
644 2811 684 2888 is,
721 2810 776 2892 qui
806 2811 887 2876 hano
919 2811 1086 2893 epistulam
1118 2811 1248 2889 addidit,

126 2916 282 2982 samiam
304 2916 483 2981 mutilatam
505 2919 675 2999 acceperat.

171 3021 274 3089 Codex
298 3021 346 3087 ita
371 3023 590 3104 scriptumst,
619 3025 656 3087 ut
683 3021 843 3106 archetypi
872 3024 976 3105 partes
1009 3022 1191 3102 dissolutae,
1218 3024 1252 3089 id

124 3127 210 3211 quod
231 3126 316 3193 haud
337 3147 406 3193 raro
428 3129 548 3193 factum
568 3145 637 3193 esse
655 3128 736 3193 iuter
753 3146 859 3193 omnes
878 3130 1011 3207 constat,
1031 3127 1252 3194 describendae

122 3234 207 3298 iuter
226 3232 333 3315 plures
356 3232 571 3299 diuidereutur
590 3233 743 3300 librarios.

171 3339 203 3423 1)
225 3338 372 3415 librarius
402 3340 524 3422 primus
556 3339 683 3423 scripsit
714 3343 863 3422 quattuor
888 3340 1006 3422 puimos
1033 3340 1250 3422 quaterniones

122 3444 263 3530 (1-1v)‚
288 3444 343 3510 sed
365 3463 439 3510 oum
461 3446 500 3510 ud
523 3448 669 3529 quartum
690 3445 750 3511 nite
771 3446 955 3530 expleudum
974 3464 1019 3524 ea,
1039 3458 1119 3529 quae
1137 3446 1250 3512 deseri·

123 3549 225 3614 bonde
256 3554 426 3634 acceperut,
453 3570 515 3616 uon
547 3551 735 3630 sufficereut,
762 3572 822 3617 nou
854 3552 958 3625 solum
985 3551 1154 3633 septimum
1181 3552 1250 3618 eius

122 3655 234 3720 folium
257 3657 396 3720 exsecuit
417 3656 472 3722 sed
496 3656 591 3722 etiam
612 3657 645 3721 in
664 3657 770 3722 dextre
787 3658 933 3723 columna
949 3656 1019 3722 folii
1036 3659 1091 3722 31¹
1108 3657 1250 3741 singulas

122 3759 244 3824 litteras
258 3761 429 3829 maioribus
444 3761 554 3848 spatiis
570 3762 712 3828 distinxit
729 3766 826 3846 etque
841 3766 999 3847 postremo
1017 3763 1090 3828 inde
1109 3782 1127 3827 a
1143 3763 1249 3830 uerbis

125 3910 331 3931 3——

162 4001 181 4072 ¹)
198 4002 306 4088 Excidit
333 4003 429 4057 titulus
459 4020 500 4074 ep.
525 4005 578 4060 233
605 4004 757 4074 Eaemplur
781 4006 925 4061 relationis
950 4005 1107 4075 Epiphanii
1131 4005 1250 4075 episcopi

125 4091 434 4160 Connantinopolituni.
