2904 4672
162 285 227 349 402
368 278 469 334 Gelaeii
485 279 507 332 1.
527 277 599 332 dicta
616 277 743 333 adserens
757 277 930 348 Pelagianam
948 277 1080 332 baeresim

162 472 223 538 hoc
249 475 368 539 asserat
389 473 421 537 in
443 474 503 538 hac
525 472 592 537 uita
615 473 653 538 de
676 472 870 556 quibuslibet
893 472 1010 537 sanetis
1033 476 1126 554 posse
1151 471 1292 548 conferri,

162 580 241 644 bene
264 578 391 662 quidem
412 578 489 643 facit
510 578 548 642 dc
572 578 651 644 dono
676 577 736 656 dei,
759 579 858 653 (cui)
887 581 999 643 cuncta
1021 576 1187 659 possibilia
1208 580 1291 653 sunt,

163 685 240 750 talia
266 684 455 751 confidenter
477 685 596 767 opinari
620 687 652 748 et
675 703 796 766 sperare
819 683 963 763 fideliter,
987 683 1042 748 sed
1064 686 1172 747 utrum
1195 682 1293 764 aliqui

163 793 243 857 tales
271 791 437 869 extiterint,
466 791 647 874 quiesque
674 790 714 855 ad
739 791 819 855 hanc
845 788 1068 874 perfectionem
1095 789 1181 854 uitae
1208 807 1292 871 prae

163 899 262 965 sentis
288 897 479 976 accederent,
507 897 592 962 sicut
618 916 773 979 nusquam
800 897 961 961 euidenter
984 897 1145 976 astruitur,
1169 897 1216 964 sie
1237 917 1293 963 nos

163 1005 254 1071 facile
289 1005 343 1070 uel
377 1004 498 1068 firmare
534 1004 587 1068 uel
622 1003 806 1086 impugnare
842 1023 901 1069 non
944 1003 1092 1068 conuenit
1131 1003 1293 1089 magisque

164 1111 303 1177 sobrium
325 1113 375 1176 est
397 1109 595 1192 exipsorum
617 1109 750 1174 uocibus
772 1109 994 1192 prophetamm
1017 1111 1293 1192 apostolorumque

164 1219 353 1295 sanctorum,
382 1219 535 1300 quatenus
562 1216 657 1282 huius
680 1217 766 1282 uitae
788 1215 963 1299 proiectum
986 1216 1096 1281 metiriw
1113 1215 1292 1301 debeamus,

164 1341 342 1407 agnoscere,
369 1321 485 1406 quibus
512 1322 621 1404 utique
644 1321 676 1386 in
699 1322 758 1387 hoc
782 1321 908 1386 mundo.
933 1325 1085 1406 quantum
1107 1321 1293 1392 adsumtae

163 1430 248 1494 uitae
271 1428 406 1512 pertinet
427 1427 620 1504 institutum,
643 1426 723 1491 nihil
745 1427 948 1492 excellentius
967 1427 1020 1492 uel
1038 1425 1138 1492 fnisse
1156 1427 1209 1492 uel
1227 1446 1292 1493 esse
1308 1446 1331 1487 ιι

120 1535 140 1598 5
163 1535 365 1599 manifestum
393 1535 451 1598 est.
480 1532 535 1615 qui
563 1532 687 1597 etiamsi
715 1532 887 1614 copiosiore
915 1532 964 1597 dei
992 1552 1120 1598 munere
1143 1534 1197 1597 uel
1219 1533 1297 1599 raris*

164 1639 288 1706 omnino
315 1640 369 1703 uel
395 1638 534 1703 minimis
556 1638 710 1703 hnmanae
734 1639 922 1704 conditionis
940 1638 1140 1722 passionibus
1158 1639 1293 1724 impetiti

163 1750 237 1812 sunt
263 1749 296 1810 et
321 1744 501 1810 afluentiore
529 1744 579 1809 dei
601 1745 703 1829 gratia
724 1744 926 1810 mortalitatis
951 1745 1029 1810 uitia
1050 1746 1144 1810 facile
1169 1764 1292 1829 supera·

162 1855 244 1930 runt,
259 1871 320 1916 non
333 1869 434 1932 usque
453 1849 529 1914 adeo
548 1853 654 1915 tamen
673 1854 813 1933 expertes
833 1870 940 1917 eorum
959 1870 993 1916 se
1011 1851 1110 1916 fuisse
1128 1855 1292 1945 testantur,

163 1962 201 2024 ut
213 1958 334 2023 scilicet
347 1957 434 2021 illius
449 1957 513 2028 <im
521 1957 685 2028 >maculati
700 1957 773 2041 agni
787 1957 830 2022 sit
846 1957 1006 2041 proprium
1024 1959 1148 2023 nullum
1167 1975 1291 2041 prorsus
1308 1974 1329 2015 ιι

163 2063 312 2129 habuisse
334 2065 499 2144 peccatum
522 2082 661 2128 necnon
685 2063 745 2138 soli
767 2063 914 2129 uideatur
936 2083 1005 2130 esse
1023 2063 1251 2146 deputandum
1268 2076 1294 2141 si

163 2170 244 2234 alius
272 2170 406 2253 quilibet
432 2172 560 2235 sanctus
588 2188 695 2253 expers
723 2169 831 2234 delicti
857 2170 957 2236 fuisse
980 2170 1134 2239 credatur.
1158 2167 1294 2238 contenti

163 2277 262 2342 simus
290 2295 362 2360 ergo
390 2275 582 2360 professione
610 2278 790 2341 sanctorum
818 2280 850 2341 et
877 2275 953 2359 quid
979 2275 1019 2341 de
1045 2296 1080 2342 se
1107 2277 1169 2361 ipsi
1193 2278 1290 2362 magis

162 2383 365 2466 pronuntient
390 2381 554 2447 audiamus
582 2401 687 2464 quam,
717 2382 793 2466 quid
814 2384 868 2448 uel
889 2385 1006 2448 temere
1029 2383 1231 2469 cogitandum
1253 2383 1292 2448 sit

162 2489 216 2554 uel
245 2488 360 2554 nostris
392 2489 589 2571 opinionibus
622 2489 851 2568 uentilandum,
884 2489 951 2555 sine
987 2494 1072 2556 certa
1107 2491 1291 2556 auctoritate
1306 2506 1328 2547 ιι

120 2595 140 2660 6
164 2597 329 2659 sectemur.
384 2613 439 2659 cnr
461 2596 577 2672 autem,
601 2614 673 2660 oum
697 2595 775 2661 dens
797 2595 993 2679 omnipotens
1016 2598 1089 2680 post
1110 2597 1292 2678 mysterium

162 2699 365 2781 reparationis
387 2700 541 2766 humanae
564 2700 659 2766 etiam
681 2700 714 2764 id
736 2700 855 2766 lromini
878 2702 1015 2767 conferre
1032 2700 1184 2782 potuerit,
1203 2705 1241 2767 ut
1257 2701 1292 2766 ab

165 2806 309 2871 omnibus
338 2805 461 2870 omnino
489 2805 578 2871 uitiis
606 2807 691 2870 esset
716 2804 865 2883 inmunis,
898 2805 1046 2870 maluerit
1075 2804 1188 2871 fideles
1223 2824 1294 2871 suos

165 2911 271 2976 saluos
297 2909 364 2975 fieri
393 2913 425 2975 et
453 2913 613 2994 expectare
640 2911 795 2994 perfectae
817 2909 1022 2976 beatitudinis
1044 2894 1239 2991 firmitatem,
1260 2913 1296 2975 ut

164 3018 248 3098 quod
276 3015 425 3101 sperando
453 3016 677 3093 desideramus,
704 3017 797 3081 rebus
824 3016 983 3100 possimus
1011 3016 1154 3100 adipisci,
1188 3037 1295 3083 censu·
1309 3034 1332 3075 a

165 3122 286 3203 eritque
313 3141 394 3186 nunc
421 3121 568 3204 perficere
594 3123 626 3186 in
653 3121 833 3186 infirmitate
860 3122 1010 3187 uirtutem
1042 3141 1137 3204 quarn
1168 3123 1295 3188 remotis

164 3226 396 3291 infirmitatibus
428 3227 596 3291 humanam
633 3227 841 3292 conditionem
876 3227 963 3291 nulla
998 3227 1098 3293 sinere
1134 3227 1295 3312 languoris

165 3332 372 3416 exagitatione
391 3332 525 3414 pulsari:
545 3336 695 3414 quantum
715 3333 859 3399 dominus
877 3332 1070 3411 ministrarit,
1090 3336 1128 3397 ut
1147 3337 1295 3418 conpetit,

255 3573 289 3628 26
309 3572 369 3628 cor.
388 3574 415 3626 11
436 3576 477 3636 12,
496 3575 512 3627 9

203 3722 268 3775 lde
288 3721 338 3775 del.
361 3721 423 3777 Car.
496 3723 563 3776 fide
586 3723 621 3777 V:
640 3741 701 3777 narn
724 3725 786 3778 Car.
872 3724 915 3777 cui
932 3724 1037 3778 insaae'
1107 3725 1243 3796 3'aliquis
1266 3727 1296 3805 V,

165 3825 267 3879 ωηρ
347 3811 542 3880 ipropharnm
565 3811 596 3874 V,
616 3828 717 3866 ωηο
799 3812 941 3866 fimentiri
964 3811 995 3877 V,
1014 3828 1116 3867 ωηο
1191 3815 1295 3885 10per-

165 3897 235 3950 tinet
254 3895 292 3950 0²:
312 3899 429 3967 pertinet
448 3903 476 3952 et
498 3898 524 3954 V
574 3900 608 3953 12
625 3900 752 3953 minimus
771 3900 803 3965 V,
822 3916 890 3955 ωη
906 3898 932 3969 p²
1002 3900 1118 3956 humane
1137 3902 1170 3966 V,
1190 3920 1258 3957 corr.
1272 3901 1298 3954 ο2

167 3985 199 4038 13
218 3983 385 4040 affluentiore
399 3985 482 4054 nabo
554 3986 586 4040 15
604 3986 734 4040 maculati
756 3987 788 4050 V,
808 4003 905 4043 ωηο
978 3987 1011 4040 16
1029 4003 1079 4041 nec
1096 3990 1208 4058 scripsi:
1227 4008 1260 4044 ne
1275 3990 1302 4044 V

166 4073 200 4126 22
218 4072 246 4125 id
265 4090 291 4125 o:
312 4072 394 4127 adV
479 4074 512 4128 25
532 4075 664 4129 censuerit
683 4074 784 4145 queV
869 4075 902 4129 27
922 4072 1118 4131 condictionem
1143 4077 1175 4143 V,
1194 4093 1262 4134 ωη
1281 4096 1299 4130 α.

168 4162 270 4216 sineret
292 4163 323 4228 V,
342 4163 446 4218 corraei
