2904 4672
571 213 858 284 Prolegomcna.
1161 179 1277 286 LXXV

154 406 193 480 et,
224 404 307 486 quod
333 403 364 467 in
394 404 543 488 adparatu
573 425 814 474 commemorare
841 411 973 494 neglexi,
1001 411 1098 475 uerba
1124 413 1273 494 quaedam

155 529 200 591 ep.
235 511 308 587 101,
337 511 459 576 scilicet
485 512 605 588 ton,
631 533 685 578 aec
711 515 941 599 qumquam...
970 515 1132 579 discretam
1160 517 1273 598 quibus

153 616 220 696 ipse
248 616 380 679 eundem
408 636 500 699 quem
524 619 553 682 V
575 621 756 701 praeposuit
782 621 928 686 titulum:
955 606 1100 685 Gelosicc
1121 624 1275 686 arctacrsr's

152 722 301 802 episcopis
326 743 386 802 per
416 721 618 788 Dardaniam
648 726 715 790 circe
734 746 796 806 per
822 725 978 789 [iliricum
1004 729 1174 791 constitutis
1201 727 1274 813 (Ab

152 828 196 891 XI
220 830 281 903 303
305 829 365 893 Al:
389 830 449 893 XII
473 831 566 916 30).1)
596 832 729 914 denique
758 852 793 896 er
817 833 922 898 codice
950 834 1084 915 quodam
1105 834 1274 898 Auellanae

153 934 246 997 ctiam
283 935 437 1018 integram
473 955 523 1017 ep.
560 938 601 1000 95
638 940 801 1003 mutuatus
839 941 888 1003 est
924 937 998 1023 (Alt
1034 941 1080 1004 XI
1118 942 1178 1016 693
1211 940 1270 1004 hi:

153 1039 214 1102 XII
232 1039 288 1126 68)
307 1060 505 1122 quamquam,
525 1046 560 1105 ut
574 1043 635 1107 alio
649 1043 719 1108 loco
734 1044 861 1108 uberius
876 1045 1046 1128 explicabo,
1060 1046 1276 1127 interpolatam

154 1145 204 1209 hic
235 1147 301 1211 illio
333 1146 521 1212 lectionibus
554 1149 620 1213 cius
653 1148 769 1214 formae
802 1150 956 1232 epistulae
986 1151 1149 1224 breuioris,
1183 1171 1275 1233 quam

152 1251 258 1316 littera
279 1247 301 1312 Σ
325 1252 510 1335 significatui.

312 1411 366 1474 Dc
388 1411 623 1477 recensione
648 1415 917 1495 epistularum
941 1415 981 1477 95
1006 1416 1045 1478 et
1068 1416 1119 1481 99.

198 1551 244 1613 De
276 1549 456 1615 recensione
488 1551 598 1616 harum
632 1553 837 1636 epistularum
865 1574 936 1619 cum
964 1556 1092 1620 uberius
1122 1557 1274 1639 agendum

155 1656 196 1720 sit
220 1675 312 1737 quam
335 1657 444 1720 harum
463 1659 647 1742 paginarum
667 1661 830 1744 angustiae
849 1661 998 1725 uidentur
1015 1662 1206 1743 permittere,
1224 1663 1276 1727 hic

155 1764 209 1839 eie,
235 1783 313 1845 quac
338 1764 395 1827 sub
419 1764 509 1853 initio
533 1766 698 1847 utriusque
722 1765 878 1844 adnotani,
902 1767 981 1830 nihil
1000 1767 1080 1833 addo
1100 1767 1154 1831 sed
1172 1768 1275 1858 relego

155 1870 191 1932 ad
217 1889 261 1947 ca,
286 1889 364 1951 quae
389 1871 425 1934 de
448 1871 506 1934 hac
530 1891 562 1934 re
585 1871 766 1953 propediem
790 1872 866 1936 alibi
889 1891 1048 1955 exponam.

402 2030 454 2093 De
477 2031 712 2094 recensione
736 2031 939 2119 epistulae
965 2032 1036 2095 104.

196 2169 340 2251 Epistula
365 2171 427 2234 104
450 2168 552 2251 (Quod
567 2170 660 2249 potone
676 2169 751 2252 fieri
776 2170 928 2255 capitatas)
948 2191 965 2234 a
984 2171 1170 2254 Symmacho
1196 2191 1277 2254 papa

155 2275 192 2337 ad
225 2273 397 2339 Orientales
431 2275 501 2340 data
535 2279 700 2358 antequam
731 2296 786 2358 per
814 2276 954 2341 Caratam
983 2278 1214 2360 depromeretur
1241 2298 1277 2343 ex

155 2380 315 2445 codicibus
339 2380 533 2445 collectionis
556 2380 736 2458 Abellanae,
760 2382 824 2445 iam
847 2381 930 2445 edita
953 2386 1019 2444 erat
1041 2383 1071 2445 iu
1095 2383 1174 2448 libro
1198 2384 1275 2447 satis

154 2505 231 2560 raro,
256 2506 349 2568 quem
371 2487 448 2550 mihi
472 2487 688 2569 suppeditauit
709 2488 794 2570 regia
816 2489 924 2552 nostra
945 2487 1137 2552 bibliotheca
1158 2489 1277 2554 Beroli-

153 2593 258 2656 nensis
283 2593 396 2674 quique
419 2593 589 2675 inscriptus
614 2597 663 2657 est
685 2592 794 2658 ‘Gesta
817 2594 946 2657 duorum
974 2594 1176 2668 conciliorum,
1201 2616 1278 2678 pauc

153 2698 234 2760 inter
269 2699 388 2783 reliquo
423 2700 526 2762 minus
566 2701 773 2781 reperiantur,
809 2721 916 2780 occupa
959 2699 1162 2782 Mopsucrenas·
1199 2702 1279 2784 quod
1305 2706 1308 2711 ’

153 2803 333 2867 celebraturo
360 2809 404 2868 cst
431 2825 512 2867 coco
540 2805 651 2869 salutis
673 2804 967 2870 DOCCXXXHI
990 2805 1021 2869 V
1038 2805 1116 2873 Idus
1140 2806 1229 2869 Iunii
1251 2813 1279 2871 et

159 2909 403 2974 Vcormocc'enst's
436 2910 549 2976 XVII
578 2909 729 2975 Uolcacius
759 2910 847 2976 Iunii
862 2961 893 2977 ..
929 2911 1075 2976 Bose’leoc
1113 2912 1277 2975 corradebat

153 3015 310 3079 Hertricns
341 3017 474 3080 Petros'.
506 3018 537 3080 in
570 3016 629 3081 fine
663 3017 803 3106 additum
840 3022 889 3082 est
924 3016 1078 3080 ‘Basileoc
1114 3017 1279 3081 excedebat

154 3121 308 3185 Heortcos
349 3121 460 3186 Petras
495 3143 596 3186 mcosc
633 3127 761 3204 capereto
796 3144 879 3187 occo
921 3121 1169 3186 MDXXXII’.
1211 3143 1271 3205 quo

155 3227 281 3308 quidem
316 3230 347 3291 in
378 3229 458 3293 libro
497 3229 575 3296 actis
614 3229 744 3293 duarum
780 3230 905 3292 illarum
942 3229 1131 3311 synodorum
1166 3249 1197 3311 p.
1236 3231 1276 3293 57

153 3334 319 3398 ‘coronidis
361 3335 441 3398 uice'
481 3335 684 3418 subiungitur
721 3338 829 3399 nostra
870 3334 1014 3415 epistula,
1057 3354 1150 3416 quam
1195 3335 1276 3399 unde

155 3440 325 3521 sumpserIt
351 3440 452 3503 editor
479 3440 623 3522 quamuis
651 3459 710 3511 non
743 3440 934 3523 profiteatur,
967 3442 1070 3503 tamen
1103 3439 1182 3504 hanc
1214 3441 1277 3504 edi·

154 3546 271 3609 tionem
308 3543 355 3631 (ψ)
392 3565 452 3610 non
489 3546 661 3628 dependere
702 3567 737 3611 cr
776 3546 945 3610 Auellanae
987 3545 1146 3610 codicibus
1187 3529 1276 3610 nobis

156 3652 332 3715 etiamnunc
351 3652 484 3716 seruatis
504 3652 733 3718 demonstratur
750 3653 867 3729 talibus
885 3653 975 3729 locis,
994 3651 1107 3733 quibus
1124 3654 1230 3715 contra
1248 3652 1276 3715 V

155 3759 219 3820 stet
250 3778 320 3821 cum
355 3758 460 3821 codice
492 3759 688 3823 Berolinensi
718 3756 755 3822 B.
783 3760 882 3836 uelut,
918 3760 956 3820 ut
990 3776 1050 3820 non
1087 3756 1148 3820 nisi
1182 3757 1275 3838 paulo

156 3863 299 3946 grauiora
322 3864 467 3941 adseram,
492 3864 652 3928 exhibent:

191 4003 211 4069 ¹)
230 4003 269 4055 Ex
291 4003 415 4056 Anselmc
441 4003 507 4056 haec
532 4002 680 4072 desumpsit
704 4003 846 4058 Gratianus
870 4001 910 4070 (d.
930 4002 964 4055 24
982 4018 1025 4070 qu.
1044 4001 1059 4052 2
1080 4016 1100 4053 c.
1119 4001 1156 4066 4),
1182 4000 1228 4068 qui
1245 4016 1276 4053 ex

155 4091 214 4158 ipsa
231 4090 361 4144 Auellana
379 4090 446 4143 nihil
464 4090 563 4146 hausit.
