2902 4672
560 244 691 315 Simplicii
708 261 794 315 papae
813 244 945 315 epistulae

232 581 400 628 smnrorus
427 567 595 628 nirsoonus
618 581 749 629 sonoro.
780 581 840 628 run
862 582 942 639 cunr
965 582 1072 629 sorar.
1119 562 1259 642 Quantos
1282 568 1315 630 ot

188 687 282 751 quam
304 669 416 734 uberes
439 669 561 734 fructus
584 669 759 734 constantia
780 667 855 734 fidei
878 673 910 735 et
932 668 1117 734 deuotumm
1139 669 1223 734 circu
1244 669 1314 735 reli·

189 775 314 860 gionom
346 774 533 840 catholicam
564 775 717 839 mentium
749 793 871 858 sempor
898 775 1011 839 habeat
1038 774 1200 853 fortitudo,
1228 775 1317 840 labor

188 885 261 947 tuae
312 880 487 946 dilectionis
529 884 561 946 et
601 899 723 959 eorum,
760 881 814 965 qui
861 882 980 964 puriter
1020 883 1147 966 repente
1192 880 1316 947 diabolo
1352 904 1366 944 c

188 987 373 1053 iamdudum
399 987 615 1065 turbabantur,
645 987 790 1053 ostendit.
822 1006 894 1053 uam
922 1007 999 1053 oum.
1022 984 1139 1054 Christi
1170 987 1318 1052 inimicus

191 1097 223 1159 et
248 1093 336 1176 regni
365 1091 572 1159 Christianam
601 1111 723 1177 semper
755 1092 859 1159 aulam
890 1113 960 1158 mor
993 1112 1123 1158 casurus
1154 1093 1319 1159 inuaderet

191 1203 285 1280 utque
301 1198 399 1282 impia
415 1198 630 1282 persecutione
648 1198 756 1265 fidelos
780 1198 897 1264 domini
919 1199 1104 1283 plebemque
1128 1201 1318 1276 concuteret,

192 1303 328 1370 oratione
357 1307 448 1387 utque
477 1304 597 1388 uigiliis
626 1304 778 1390 sacrilega
799 1307 1024 1388 temptamento
1047 1305 1208 1388 superauit
1229 1308 1263 1372 et
1285 1322 1319 1370 se

191 1410 325 1476 uictoria
346 1409 491 1475 caelestis
515 1429 551 1474 eo
575 1430 676 1494 usque
698 1411 842 1494 porrexit,
867 1414 903 1475 ut
924 1429 1068 1496 regressu
1087 1410 1321 1496 religiosissimi
1341 1435 1367 1476 ro

191 1515 341 1599 principis
369 1515 520 1581 ecclesiae
547 1533 672 1599 quoquo
694 1515 918 1583 Alexandrinae
942 1515 1115 1583 catholicus
1138 1517 1323 1583 redderetur

193 1623 334 1688 antistes.
363 1621 400 1686 de
428 1641 489 1705 quo
513 1639 584 1688 mon
607 1640 678 1687 cum
702 1623 891 1688 exultatione
915 1623 1039 1688 diuinae
1063 1623 1180 1708 gratiae
1203 1624 1323 1708 gaudia

192 1730 299 1794 nostru
330 1727 520 1793 contulimus
553 1729 585 1792 et
615 1727 735 1793 mutuis
767 1747 823 1795 nos
854 1728 970 1794 litteris
1002 1727 1134 1793 fecimus
1158 1729 1322 1814 gratulari.

151 1843 171 1906 2
194 1839 227 1899 et
243 1833 320 1900 lioet
336 1833 475 1900 laetitiae
493 1832 594 1917 ipsius
612 1852 784 1916 numquam
803 1833 853 1899 sui
872 1834 1005 1900 defuerit
1022 1833 1195 1918 plenitudo,
1213 1837 1322 1902 tamen

193 1941 288 2006 irater
301 1941 334 2005 et
351 1939 555 2024 coepiscopus
575 1942 680 2005 noster
697 1939 881 2007 Timotheus
899 1941 1115 2025 persecutione
1133 1941 1326 2024 probabilior
1345 1961 1371 2004 ro

193 2045 296 2112 iectus
323 2045 447 2128 pristini
474 2064 533 2110 uon
559 2045 724 2111 immeuror
749 2046 889 2112 institut-i
915 2065 970 2130 per
998 2047 1124 2112 fratem
1157 2052 1190 2113 et
1221 2049 1327 2132 coopi-

130 2224 132 2228 ,
195 2170 326 2235 scopum
348 2153 491 2216 nostrum
513 2151 637 2218 lisoium
663 2154 694 2216 ot
715 2151 797 2217 filios
825 2155 949 2218 nostros
972 2151 1081 2218 Nilum
1107 2154 1328 2238 presbyterum

196 2260 228 2323 et
241 2257 426 2340 Martyrium
441 2256 605 2322 diaconum
616 2256 841 2323 Alexandrinae
857 2257 1008 2336 ecclesiae
1023 2257 1187 2324 sollemnia
1206 2259 1329 2342 scripta

196 2362 317 2441 direxit,
349 2363 462 2447 quibus
495 2366 527 2427 et
557 2362 647 2441 illud,
680 2362 762 2446 quod
794 2365 864 2429 anto
895 2363 1078 2447 perterritus
1110 2364 1148 2429 de
1180 2364 1329 2431 Dioscuri

196 2469 321 2534 nomine
338 2468 465 2547 iecerat,
485 2488 519 2534 se
539 2467 729 2535 destruxisse
747 2469 933 2534 memorauit
946 2472 979 2535 et
993 2469 1210 2544 remissionem
1222 2470 1328 2554 ipsius
1347 2494 1376 2535 ro

197 2575 308 2640 erroris
337 2574 465 2658 expetiit
487 2593 605 2658 nosque
629 2575 666 2640 de
689 2573 794 2657 quieto
817 2574 893 2640 lecit
915 2574 1065 2640 ecclesiae
1089 2575 1249 2661 gratulari,
1273 2594 1329 2642 ex-

197 2683 305 2765 pertus
330 2698 404 2766 erge
426 2700 470 2758 se,
493 2683 646 2768 *quantum
668 2679 833 2747 uobiscum
855 2683 912 2745 tua
934 2680 1046 2746 caritas
1069 2681 1166 2759 uidet,
1186 2681 1271 2764 quod
1293 2683 1329 2748 in

199 2805 235 2853 eo
267 2789 343 2851 tunc
373 2785 638 2870 reprehendimus,
665 2805 725 2850 non
756 2785 893 2851 inultum
931 2789 963 2852 et
998 2787 1233 2852 reconciliatum
1263 2787 1330 2856 sibi

155 2902 176 2965 3
199 2911 280 2957 nuno
303 2890 427 2958 diuinae
449 2891 657 2957 miserationis
682 2891 837 2970 affectum,
855 2891 951 2957 irater
967 2891 1142 2958 karissime.
1208 2912 1329 2960 memo·

237 3227 285 3284 oo.
322 3229 388 3283 Dat.
406 3227 488 3282 simul
504 3244 565 3282 oum
583 3244 622 3297 ep.
644 3230 681 3282 62
698 3228 769 3289 docter
786 3227 885 3282 Nonae
902 3232 928 3282 et
944 3226 1015 3281 Idus
1035 3227 1135 3282 menois
1155 3228 1278 3283 Octobris
1301 3247 1327 3284 o.

204 3320 271 3374 478.
340 3313 521 3370 B=Berot
536 3317 585 3370 lot.
602 3318 646 3369 79.
716 3314 791 3369 Edd.
812 3313 920 3369 ΟΒΜ1
935 3318 1001 3377 318;
1020 3313 1089 3369 Bor.
1105 3314 1181 3369 ordo.
1197 3317 1328 3384 478,13;

205 3404 312 3461 Colleet.
334 3403 451 3472 Concil.;
467 3403 550 3458 BTA
562 3404 662 3470 121&
683 3402 837 3458 Τ1ιίι1197.
874 3403 891 3456 2
910 3402 1069 3473 Symplicius
1083 3402 1179 3458 Aoaoio
1195 3401 1326 3459 consten-

202 3492 416 3564 tinopolitanoB
450 3508 498 3561 per
508 3507 585 3561 quem
599 3507 680 3561 supra
692 3507 742 3546 om.
752 3490 844 3558 B,ocd
857 3491 892 3559 cf.
904 3491 976 3559 adp.
982 3494 1091 3556 144,st
1124 3490 1326 3561 loatbolioeB,

204 3581 363 3637 catholicum
386 3579 418 3644 V,
438 3595 506 3635 corr.
526 3576 553 3631 ο2
588 3579 669 3648 5qui
686 3578 722 3634 V:
742 3579 788 3649 qui
805 3595 853 3633 uos
871 3580 898 3634 Β
951 3580 1062 3649 repente
1084 3578 1121 3633 V:
1144 3579 1284 3649 inrepente
1300 3580 1326 3634 Β

205 3673 221 3727 6
239 3668 415 3730 turbabuntur
436 3666 472 3722 V:
491 3667 641 3737 perbabeut
660 3668 689 3734 (t)
710 3668 742 3733 Β,
760 3667 902 3722 turbantur
922 3665 986 3722 Cor.
1040 3667 1056 3720 7
1079 3683 1187 3722 casurus
1210 3667 1246 3722 V:
1265 3684 1326 3722 casu

204 3756 329 3827 quamB
399 3755 540 3810 inuaderet
558 3753 597 3827 9²:
616 3754 743 3810 inusdeet
764 3755 796 3819 V,
814 3756 946 3811 inualeret
964 3756 990 3808 Β
1048 3757 1282 3826 8eperseoutione
1300 3758 1327 3812 Β

205 3846 310 3916 plebem
324 3861 376 3914 qua
389 3846 527 3899 econteret
538 3844 671 3898 ortatione
684 3844 712 3897 Β
765 3844 798 3898 10
811 3860 960 3912 regressum
973 3844 1138 3898 reliosissimi
1151 3843 1178 3898 Β
1233 3845 1266 3899 18
1279 3860 1328 3899 uos

206 3935 274 3989 Bor.
364 3933 397 3987 14
425 3931 559 3987 deuiderit
580 3932 606 3984 Β
705 3933 736 3986 11
759 3935 879 3987 nostrum
901 3948 952 3987 om.
978 3932 1004 3986 V
1099 3932 1133 3986 18
1153 3932 1284 3987 solemnia
1301 3932 1328 3985 Β

208 4049 241 4103 ro
258 4047 354 4102 urrant
372 4047 398 4099 Β
460 4047 494 4100 oo
510 4046 611 4100 faceret
626 4046 653 4100 Β
724 4013 875 4102 ustrinae
893 4047 920 4099 Β
980 4048 1011 4101 21
1030 4064 1078 4101 nos
1097 4054 1147 4117 qus
1166 4045 1192 4098 Β
1262 4045 1328 4101 roco

208 4153 259 4191 om.
276 4136 304 4189 Β
356 4135 390 4188 22
409 4151 472 4205 erga
494 4134 529 4188 V:
548 4134 576 4188 in
592 4134 621 4187 Β
673 4134 708 4188 24
726 4135 859 4190 carissime
878 4135 904 4187 Β
