2904 4672
229 243 292 305 472
433 238 551 292 Libellus
570 238 797 307 apocrisiariorum
817 238 944 292 ecclesiae
962 238 1154 292 Alexandrinae

228 431 435 508 introducunt,
454 449 647 513 nequaqnam
667 430 791 495 omnino
809 429 988 512 recipimus,
1008 432 1081 512 quia
1097 431 1273 496 incarnatio
1291 433 1361 510 illa,

228 557 321 621 quam
336 537 385 601 dei
400 536 530 620 genitrix
549 536 719 600 secundum
739 536 904 600 ueritatem
919 556 954 601 ex
968 556 1002 602 se
1021 537 1127 616 edidit,
1147 543 1360 622 augmentum

227 643 284 707 filii
308 661 367 708 non
391 643 510 718 effecit;
534 641 651 705 mansit
669 641 751 711 enim
770 640 893 706 trinitas
912 646 945 706 ct
959 643 1128 721 iucamato,
1148 644 1234 726 quod
1254 664 1357 709 unnrn

177 742 263 814 12ex
288 748 427 814 trinitate
450 751 508 824 est,
531 747 582 811 dei
604 748 710 812 uerho.
755 748 831 812 haec
850 749 956 830 itaque
975 748 1158 831 scripsimus
1177 770 1238 814 non
1259 751 1357 816 fidem

227 856 377 920 nouantes
409 852 464 918 sed
495 852 585 918 uobis
618 871 713 917 causa
744 853 925 917 concordiae
958 854 1138 918 satisfacere
1175 856 1355 937 cupientes.
1385 883 1399 920 ι

227 979 349 1026 omnem
385 961 498 1034 autem,
536 959 589 1041 qui
625 959 715 1024 alitor
751 960 848 1023 sentit
893 962 1031 1025 sensitne
1073 981 1129 1027 seu
1172 982 1257 1029 uunc
1295 984 1354 1030 seu

226 1065 389 1152 aliquando
429 1065 461 1128 in
503 1083 698 1147 quocumque
737 1066 807 1130 loco
848 1067 901 1130 uel
944 1067 975 1129 in
1021 1068 1163 1150 quolibet
1206 1070 1353 1145 concilio,

226 1171 430 1236 anathematis
456 1189 557 1254 poena
582 1171 791 1255 percellimus,
819 1171 983 1255 praecipue
1010 1191 1084 1237 nero
1111 1173 1295 1241 Nestorium
1320 1181 1354 1242 et

176 1271 412 1361 lssltutyohent
421 1277 657 1359 uniuersosque,
693 1277 747 1359 qui
782 1276 845 1341 illis
882 1278 1072 1343 adsentiuut.
1109 1282 1215 1344 uestra
1251 1281 1354 1366 igitur

225 1381 398 1447 reuerentia
419 1382 592 1464 suscipiens
615 1382 707 1446 fidem
731 1386 867 1447 nostram
886 1384 965 1447 hano
984 1403 1017 1448 se
1036 1386 1173 1467 praesuli
1190 1386 1352 1453 Romanae
1373 1410 1397 1448 ro

225 1488 373 1552 ccclesiae
410 1487 577 1552 Anastasio
614 1487 754 1552 adseruit
787 1489 965 1564 relaturam,
1004 1508 1096 1570 quem
1132 1493 1165 1554 et
1202 1495 1351 1574 paratum

225 1593 354 1658 existere
394 1594 586 1658 memorabat
626 1593 860 1658 satisfactumm
900 1594 980 1670 illis,
1014 1595 1040 1659 si
1075 1595 1127 1677 qui
1158 1595 1297 1661 fuissent
1333 1619 1353 1662 ι

224 1699 313 1764 nobis
335 1718 390 1779 pro
412 1699 471 1773 hac
494 1718 591 1764 causa
611 1699 798 1765 transmissi.
822 1699 903 1764 illud
925 1700 1020 1763 etiam
1043 1699 1215 1777 adserebat,
1241 1707 1352 1768 contra

224 1803 302 1868 hanc
316 1802 408 1868 fidem
426 1803 611 1869 Diosoomm
630 1804 829 1870 Timotheum
846 1804 1038 1886 Petrumque
1057 1806 1203 1883 sensisse,
1223 1811 1350 1873 nostrae

225 1909 380 1992 quondam
415 1910 555 1975 ciuitatis
591 1911 841 1993 archiepiscopos
877 1930 933 1975 uec
971 1911 1083 1976 debere
1119 1911 1148 1975 iu
1187 1912 1350 1996 diptychis
1370 1938 1393 1974 ιι

224 2033 330 2080 eorum
357 2015 483 2080 nomina
505 2017 671 2080 recenseri.
700 2034 757 2080 uos
785 2019 891 2080 contra
912 2015 1116 2098 poposcimus
1139 2019 1194 2080 aut
1216 2017 1351 2099 produci

224 2120 375 2185 aduersus
398 2140 461 2197 eos,
485 2121 539 2204 qui
562 2121 725 2186 adstruant
746 2121 888 2202 talesque
912 2120 1135 2199 demonstrent,
1155 2125 1220 2198 aut,
1240 2123 1351 2188 sinon

222 2225 438 2309 reperirentur,
464 2227 519 2309 qui
547 2245 601 2291 eos
629 2227 811 2292 conuiucere
834 2226 1021 2309 potuissent,
1044 2227 1134 2292 uobis
1157 2247 1213 2311 pro
1238 2247 1350 2294 eorum

198 2311 354 2413 'persona
388 2331 651 2397 satisfacientibus
688 2332 871 2414 adquiescat
904 2332 1189 2406 demonstrantibus
1227 2337 1260 2399 et
1296 2335 1349 2399 ad-

222 2437 434 2521 probantibus,
462 2437 546 2521 quod
571 2437 652 2503 hauc
674 2438 766 2503 fidem
788 2438 945 2503 tenuerint
931 2437 1127 2503 tdocuerint
1149 2440 1347 2522 cunctisque,
1365 2469 1392 2509 ro

223 2561 300 2640 qpos
337 2543 592 2621 informauemnt,
633 2543 818 2608 tradiderint
803 2543 962 2663 tpraefa
945 2545 988 2608 ati
1028 2548 1131 2626 patres
1172 2546 1273 2610 nostri
1316 2550 1350 2611 et

221 2649 446 2733 archiepiscopi
468 2649 650 2715 Timotheus
673 2650 894 2716 Dioscorusat
862 2654 956 2732 tque
948 2618 1095 2716 Petrus.
1113 2653 1185 2719 uest
1186 2669 1221 2714 ιι
1239 2655 1347 2717 autern

222 2755 370 2821 sanctitas
391 2755 496 2820 renuit
518 2755 623 2822 dicens
645 2754 790 2820 nonsibi
812 2755 911 2820 fuisse
933 2759 1136 2839 praeceptum
1158 2757 1197 2821 ah
1220 2761 1347 2840 aposto·

170 2857 298 2926 ldlicae
313 2861 396 2926 sedis
410 2860 550 2925 antistite
568 2859 606 2925 de
624 2860 673 2925 his
688 2860 788 2925 facere
807 2861 1030 2943 qrraestionem.
1070 2861 1165 2926 huius
1179 2863 1226 2927 rei
1244 2866 1347 2948 gratia

212 2955 414 3031 obtestamur
444 2985 502 3031 uos
534 2985 638 3031 coram
669 2986 783 3050 magno
811 2966 868 3030 deo
896 2969 928 3031 et
954 2967 1109 3032 saluatore
1134 2970 1243 3033 nostro
1270 2970 1345 3035 Iesu
1362 2994 1387 3035 ss

126 3124 131 3133 ,
222 3069 356 3149 Christo,
371 3072 424 3153 qui
443 3072 480 3136 de
499 3059 606 3137 sauctn
624 3075 656 3137 et
663 3072 723 3151 dei
741 3042 889 3156 genitrice
907 3073 1029 3156 uirgine
1046 3072 1146 3171 ldaria
1162 3073 1345 3141 iucamatus

221 3179 253 3241 et
278 3181 370 3241 natus
397 3181 446 3242 est
467 3178 582 3260 quique
606 3197 661 3244 con
702 3177 789 3243 rdom
813 3177 1070 3263 glorificationem
1093 3180 1344 3264 seruitutemque

220 3280 360 3346 fidelium
382 3283 493 3364 prohat
518 3283 652 3348 libenter
663 3196 711 3348 5¹2
741 3283 885 3386 suscipit,
913 3285 946 3368 et
976 3283 1091 3348 sanctis
1124 3284 1246 3368 angelis
1265 3287 1344 3352 ,eius

255 3590 271 3643 3
288 3589 395 3643 trinitas
418 3590 456 3643 V:
472 3591 580 3646 trinitas
597 3594 705 3647 trinitas
724 3612 748 3655 α,
767 3594 813 3647 cai
830 3595 968 3648 conmnere
984 3594 1112 3648 ιιάιιιιι
1128 3595 1238 3655 Graeco
1255 3597 1344 3650 uerbo

218 3675 347 3732 Henotior'
363 3678 489 3749 μεμένηκε
506 3680 554 3750 γὰρ
573 3682 643 3752 τριὰς
661 3680 679 3752 ἡ
698 3683 781 3753 τριὰς;
801 3688 896 3736 contra
915 3698 973 3736 cum
995 3681 1021 3736 V
1037 3684 1170 3736 consentit
1181 3685 1273 3739 uersis
1291 3685 1342 3738 La'-

219 3756 306 3819 teari
324 3765 377 3832 (ed.
399 3765 551 3821 (domerias
564 3783 594 3836 p.
613 3772 660 3836 16)
708 3769 871 3830 ,incarnatio
894 3769 920 3824 V
969 3772 986 3825 4
1005 3768 1049 3823 dei
1070 3769 1096 3824 V
1106 3786 1162 3839 pro
1181 3769 1233 3825 deo
1252 3789 1344 3828 errore

122 3875 125 3882 ’
213 3852 335 3921 fortasse
350 3855 503 3927 interpretis
521 3855 712 3925 (σαρκωθέντος
730 3864 774 3909 τοῦ
789 3900 794 3911 .
810 3899 816 3910 .
831 3856 896 3909 θεοῦ
914 3855 990 3928 λ’όγοιι
1008 3857 1121 3925 Ηιιιοι.)
1171 3859 1295 3914 domem
1319 3861 1345 3912 V

190 3995 196 4016 ἱ
219 3943 264 4010 qui
282 3942 360 3996 aliter
378 3961 403 3995 o:
423 3943 538 4015 qualiter
559 3944 585 3995 V
665 3943 863 4016 φρονήσανταῆ
883 3952 1026 4016 φρονοῦντα
1043 3946 1142 4000 Heaot.
1198 3948 1234 4001 12
1254 3950 1276 4001 si
1296 3950 1342 4018 qui

217 4031 324 4098 empsit
344 4031 389 4100 qui
408 4032 430 4084 si
449 4032 494 4100 qui
517 4031 547 4095 V,
566 4031 612 4100 qui
630 4031 700 4086 Bor.⁸
776 4032 808 4086 13
834 4034 970 4086 transmisi
1000 4033 1026 4086 V
1094 4035 1125 4088 15
1149 4034 1292 4104 ‘diptichiis
1317 4037 1344 4089 V

153 4113 157 4122 ’
218 4119 249 4173 21
270 4123 358 4188 patres
381 4118 416 4172 V:
435 4124 593 4190 parentoso
645 4121 680 4174 23
697 4121 849 4174 rennuitV
