2904 4672
176 231 241 294 236
288 255 289 259 κ
437 210 727 311 capraemontem
747 225 780 278 aa
798 225 886 279 tritus
905 225 1030 296 capitulis

174 440 272 486 carisa
284 439 470 504 responsum
484 439 542 484 uos
557 420 697 503 flagitare
714 420 847 498 dixistis,
861 420 962 484 filium
982 424 1123 485 nostrum
1142 421 1311 486 diaconum

175 525 339 609 Pelagium
372 545 444 590 cum
476 526 657 591 huiusmodi
688 526 834 591 mandato
868 526 1035 592 direximus
1072 527 1227 606 diceutes,
1264 529 1310 603 ot,

174 632 250 714 quia
282 632 475 697 constitutus
508 633 692 697 conlationis
720 633 879 696 faciendae
908 633 1019 698 modus
1047 634 1149 697 luerat
1175 636 1311 714 praeter-

175 739 303 815 missus,
318 740 430 803 saltem
446 738 504 801 XX
518 738 584 802 dies
599 757 654 820 pro
669 741 740 802 ante
755 737 839 802 dicta
856 739 918 803 mei
938 738 1072 821 corporis
1091 738 1310 815 inbecillitate,

176 863 273 924 quam¹
292 846 415 921 norunt,
440 847 582 908 nostrum
599 843 745 908 deberent
764 843 960 908 definitiuum
979 843 1017 908 de
1036 843 1137 908 tribus
1158 843 1310 925 capitulis
1339 867 1350 903 s

177 949 330 1013 sustinere
367 968 562 1031 responsum,
600 949 764 1032 antiquum
801 968 837 1013 ac
873 951 1048 1033 regularem
1090 949 1310 1013 custodientes

177 1055 326 1133 ordinem,
357 1075 394 1120 ne
423 1058 493 1119 ante
521 1058 644 1121 nostrae
675 1056 734 1121 hoc
763 1058 811 1120 est
838 1054 922 1119 sedis
951 1055 1152 1138 apostolicae,
1180 1055 1234 1119 cui
1257 1074 1311 1138 per

176 1160 225 1224 dei
249 1161 382 1244 gratiam
400 1160 624 1242 praesidemus,
643 1160 928 1244 promulgationem
948 1160 1119 1225 sententiae
1139 1161 1310 1242 quicquam

175 1267 533 1349 proferretemptarent,
559 1266 639 1331 unde
664 1266 804 1330 scandali
826 1285 945 1344 rursus,
970 1285 1049 1349 quae
1073 1267 1178 1347 sopita
1194 1266 1308 1343 fuerat,

121 1366 249 1436 uroriri
271 1373 428 1454 potuisset
451 1373 584 1437 occasio.
652 1372 821 1454 propositis
844 1372 951 1454 itaque
974 1373 1063 1437 nobis
1088 1375 1119 1436 et
1142 1371 1311 1456 diligenter
1327 1395 1349 1434 ιο

175 1477 337 1560 inspectis,
365 1478 396 1540 in
425 1480 578 1561 quantum
606 1479 855 1561 uniuscuiusque
883 1478 1014 1559 capituli
1036 1479 1068 1542 in
1091 1478 1309 1559 quaestionem

176 1583 303 1648 deducti
330 1584 409 1648 ratio
437 1584 628 1667 postulabat,
660 1585 863 1668 synodalibus
891 1584 1052 1648 codicibus
1080 1587 1175 1666 atque
1209 1584 1309 1667 gestis

174 1689 367 1772 prolatisque
391 1691 461 1755 aliis
486 1691 652 1754 eorundem
675 1694 809 1773 patrum,
829 1690 883 1773 qui
901 1691 954 1754 uel
972 1689 1003 1754 in
1023 1689 1139 1754 sanctis
1159 1692 1310 1771 quattuor

176 1795 303 1878 synodis
331 1799 386 1860 aut
411 1796 443 1859 in
466 1816 528 1861 una
550 1815 656 1861 earum
678 1796 833 1874 resedisse
856 1797 1078 1873 monstrantur,
1103 1794 1307 1878 synodalibus

176 1901 329 1983 epistolis,
347 1902 498 1983 inspectis
518 1903 723 1967 nihilominus
740 1902 997 1984 predecessorum
1020 1903 1198 1966 nostromm
1223 1899 1306 1964 sedis
1327 1921 1349 1961 rs

177 2008 366 2090 apostolicae
395 2008 574 2090 praesulum
599 2008 780 2073 constitutis
804 2008 936 2091 aliisque
959 2008 1159 2090 probatorum
1181 2009 1308 2089 patrum

176 2112 360 2176 necessariis
383 2111 644 2178 instructionibus
667 2113 875 2194 pertractatis,
901 2113 928 2176 si
952 2132 1012 2193 qua
1036 2112 1073 2175 de
1097 2111 1156 2189 his,
1177 2129 1258 2193 quae
1275 2111 1307 2191 iu

177 2222 392 2305 quaestionem
427 2223 561 2287 deducta
598 2225 680 2300 sunt,
719 2222 801 2304 apud
836 2226 941 2306 patres
977 2225 1101 2287 nostros
1134 2221 1308 2285 examinata

175 2329 300 2406 fuerint,
324 2329 412 2392 finita
434 2331 527 2410 etque
551 2329 714 2410 disposita,
738 2323 1311 2410 memoressupe1·iusdesignatar·um

122 2429 166 2491 28
176 2435 405 2517 professionum
436 2434 626 2518 inuestigare
663 2433 853 2499 curauimus.
920 2433 1122 2516 inspicientes
1159 2431 1308 2514 dogmata
1325 2452 1349 2492 so

177 2539 329 2621 quaedam
364 2541 396 2604 iu
432 2540 532 2623 prima
568 2540 722 2605 chartacei
757 2540 928 2603 uoluminis
964 2543 1052 2621 parte
1087 2557 1142 2620 per
1179 2538 1307 2602 fratrem

176 2649 320 2714 nostrum
346 2646 522 2729 Benignum
551 2646 730 2728 episcopum
758 2647 928 2710 Heracleae
950 2645 1137 2729 Pelagoniae
1160 2661 1179 2706 a
1201 2647 1309 2708 uestra

176 2752 293 2832 pietate
311 2753 488 2816 transmissi
506 2752 649 2829 iacentia,
670 2771 802 2833 quorum
820 2754 909 2816 tenor
923 2751 1094 2815 secundum
1109 2749 1307 2813 intellectum

177 2858 285 2922 subter
308 2858 480 2940 expositum
506 2857 544 2921 ad
568 2856 792 2921 excludendum
816 2857 915 2921 totius
939 2855 1153 2940 ambiguitatis
1174 2873 1308 2932 errorem

176 2965 333 3045 praesenti
360 2964 531 3029 definitioni
559 2966 681 3029 nostrae
709 2966 833 3027 tenetur
863 2963 1009 3041 insertus,
1042 2964 1135 3045 plena
1168 2980 1306 3026 exsecra·
1324 2980 1349 3021 rs

176 3069 294 3134 bilibus
316 3061 518 3151 blasphemiis
542 3072 574 3132 et
597 3069 783 3134 orthodoxae
805 3066 888 3145 fidei,
913 3087 991 3150 quae
1015 3066 1188 3131 secundum
1212 3085 1307 3131 euan-

177 3166 309 3258 gelicam
337 3175 602 3257 apostolicamque
632 3173 803 3237 doctrinam
828 3193 845 3237 a
868 3173 984 3237 sanctis
1009 3174 1156 3254 quattuor
1179 3172 1306 3254 synodis

107 3358 109 3360 =
174 3278 313 3345 Nicaena
345 3280 687 3361 Constantinopolitano
718 3279 883 3360 Ephesena
913 3279 1014 3361 prima
1044 3280 1138 3359 atque
1178 3276 1306 3342 Calche-

177 3386 306 3451 donensi
336 3376 539 3468 probabiliter
570 3389 664 3468 atque
695 3385 1012 3466 inreprehensibiliter
1043 3384 1142 3448 sancti
1175 3383 1305 3466 spiritus

212 3595 298 3648 trirei
323 3593 360 3648 V:
380 3595 465 3648 nostri
482 3594 551 3648 Bur.
610 3593 860 3663 8promulgatione
883 3592 914 3658 V,
933 3607 1000 3647 corr.
1020 3593 1046 3641 οἋ
1122 3593 1251 3662 quiquam
1274 3593 1306 3656 V,

174 3699 245 3737 cor-r.
265 3701 278 3733 o
351 3683 383 3736 13
402 3683 514 3750 prolatis
535 3699 585 3752 quq
609 3682 640 3747 V,
660 3682 764 3735 correct
840 3681 885 3750 qui
903 3681 948 3734 uel
966 3681 1062 3748 scripsi
1079 3681 1157 3734 baud
1173 3682 1307 3750 ipnorans

161 3788 304 3840 ¹rreorpcrcm
321 3787 363 3825 mc
384 3771 484 3840 Ua'pilio
501 3772 637 3839 imputare
653 3770 821 3824 socordiam:
841 3786 891 3840 quq
910 3769 953 3822 uel
973 3768 1007 3833 V;
1023 3769 1068 3822 uel
1085 3769 1156 3821 Bur.
1213 3770 1246 3823 14
1265 3786 1305 3823 re·

174 3859 277 3913 sedisse
301 3859 336 3912 V:
354 3861 522 3929 rescripsisse
540 3859 609 3913 Bar.
682 3861 715 3912 15
741 3859 863 3927 epistolis
886 3858 1022 3926 inspectis,
1041 3856 1217 3934 nihilomiuus
1235 3859 1305 3911 Bar.

178 3948 211 4000 16
229 3949 377 4016 apostolica
400 3947 431 4011 V,
450 3963 517 4002 corr.
538 3965 555 3998 α
590 3947 625 4002 20
642 3948 707 4014 fort.
721 3946 763 4006 <et
782 3946 859 4014 quia>
873 3946 1044 4015 inspicientes
1081 3945 1266 4002 21carthacii
1284 3946 1309 3999 V

174 4037 211 4089 ⁴22
228 4036 345 4107 heraclia,
368 4036 394 4089 V
452 4037 485 4091 23
503 4036 667 4090 mansmissis
691 4035 723 4100 V,
742 4051 809 4090 corr.
827 4035 914 4087 Bor.>
955 4034 989 4087 28
1008 4035 1101 4086 nicena
1121 4034 1306 4087 constantinu-

176 4124 298 4193 politaua
317 4125 449 4195 ephesena
466 4126 553 4194 prima
575 4123 606 4189 V,
626 4139 692 4177 corr.
712 4139 768 4177 ras.
788 4142 805 4173 α
