2904 4672
175 228 218 296 3'4
327 226 475 281 Marcellini
493 227 521 279 et
538 225 660 293 Faustini
680 223 712 278 de
731 223 896 280 confessione
914 242 992 280 uerae
1009 226 1073 282 ildei
1091 231 1142 284 etc.

174 440 237 486 una
259 440 330 487 cum
353 421 636 502 supramemorato
659 418 841 484 beatissimo
860 420 969 484 Paulo.
994 421 1049 485 sed
1071 424 1184 505 postea
1206 423 1300 489 etiam

175 527 356 610 episcopum
383 525 444 590 sibi
469 544 524 606 per
549 527 624 589 tunc
650 524 798 605 temporis
826 526 988 608 episcopos
1016 528 1188 595 catholicoe
1220 529 1300 594 ordi·

175 634 263 698 uarrit
289 635 432 697 sanctum
457 630 666 709 Heraclidam,
694 633 780 695 tanto
807 631 908 714 magis
934 632 1091 712 idoneam,
1120 639 1237 717 quanto
1268 639 1300 700 et

174 739 294 803 firmius
327 740 433 802 contra
463 736 635 800 haereticos
663 739 694 800 et
719 737 980 818 praeuaricatoree
1013 739 1122 804 debuit
1153 741 1299 820 ordinari,

175 846 230 928 qui
247 848 279 909 et
296 844 328 908 in
345 843 413 908 uita
431 845 516 907 esset
536 841 730 924 perspicuus,
750 861 768 905 a
788 842 889 924 prima
910 846 1013 908 aetate
1037 845 1094 910 deo
1117 847 1298 913 deseruiens
1328 869 1342 911 a

174 951 362 1033 contemptis
383 950 473 1014 bonis
497 948 707 1013 saecularibus
731 949 816 1013 etin
838 948 898 1013 fide
921 953 954 1014 et
975 949 1116 1016 doctrina
1137 953 1296 1035 perfectus

174 1059 319 1123 existens.
341 1057 423 1120 unde
446 1059 478 1120 et
498 1072 553 1136 pro
578 1054 749 1136 apostoliea
770 1054 841 1132 fide,
863 1073 919 1137 pro
942 1055 1084 1121 doctrina
1106 1059 1299 1142 euangelica,

172 1184 228 1248 pro
256 1163 489 1230 conuersatione
518 1161 645 1226 caelesti
672 1161 757 1242 apud
784 1166 913 1227 cunctos
935 1162 1002 1227 illic
1025 1164 1216 1229 uenerabilis
1239 1169 1297 1243 est

173 1272 250 1337 solis
281 1267 498 1334 tantummodo
528 1267 692 1332 haereticis
724 1270 755 1331 et
786 1268 1086 1349 praeuaricatoribus
1110 1269 1298 1353 displicens;

121 1375 255 1441 95unde
283 1379 315 1441 et
341 1375 442 1458 magis
470 1374 527 1439 deo
553 1375 667 1455 placet,
695 1391 767 1436 cum
794 1374 911 1438 talibus
940 1374 1094 1458 displicet.
1163 1377 1221 1441 sed
1246 1377 1298 1442 hic
1317 1401 1344 1440 io

173 1484 281 1547 tantus
299 1500 335 1546 ac
353 1480 426 1545 talis
443 1479 489 1543 ita
507 1479 610 1561 coepit
628 1497 766 1543 exercere
783 1479 989 1560 pontificium,
1007 1484 1045 1544 ut
1062 1480 1101 1544 ad
1119 1481 1299 1565 opinionem

173 1588 246 1653 fidei
269 1588 336 1652 eius
360 1590 391 1650 et
409 1585 566 1650 doctrinae
585 1588 677 1667 atque
696 1585 796 1666 ipsius
816 1586 1030 1651 sanctissimae
1049 1587 1299 1654 conuersationis

173 1695 313 1779 plerique
332 1691 426 1757 etiam
445 1691 482 1755 de
500 1690 696 1774 longissimis
714 1691 895 1774 regionibus
914 1691 1096 1758 aduenirent
1118 1697 1299 1761 execrantes

174 1798 322 1866 nefariam
356 1795 641 1879 praeuaricatorum
677 1794 858 1859 societatem
894 1796 1024 1879 eiusque
1060 1803 1296 1866 sacrosanctum

120 1905 162 1970 96
173 1905 364 1971 consortium
382 1902 603 1967 desiderantes.
666 1900 722 1965 sed
739 1901 793 1966 ille
816 1903 961 1986 egregius
982 1903 1031 1968 bis
1050 1904 1217 1989 episcopus
1236 1909 1298 1975 hoc
1317 1931 1344 1974 so

172 2030 233 2077 nou
254 2010 382 2094 patitur.
404 2012 437 2074 et
453 2008 589 2091 primum
608 2006 732 2089 quidem
756 2011 847 2071 uerat
867 2027 922 2090 per
943 2009 1085 2091 publicas
1107 2013 1295 2094 potestates,

170 2117 216 2181 ita
237 2120 273 2180 ut
295 2114 483 2198 aliquotiens
512 2113 615 2178 solum
641 2112 829 2195 intempesta
855 2117 946 2179 nocte
968 2117 1090 2196 raptum
1114 2135 1172 2199 per
1191 2119 1296 2184 lance-

171 2222 252 2286 arios
280 2221 317 2286 de
343 2220 419 2284 urbe
447 2219 622 2284 sustulerit.
650 2218 705 2282 scd
733 2237 804 2282 cum
832 2219 957 2284 eaedem
980 2223 1153 2301 potestates
1176 2241 1240 2288 non
1261 2224 1294 2288 in

170 2325 230 2390 hoc
256 2327 465 2407 peruenerant,
487 2323 519 2387 in
543 2342 604 2405 quo
626 2323 790 2387 temerarie
819 2328 985 2407 coeperant
1011 2322 1109 2410 (quod
1136 2327 1220 2393 enim
1243 2329 1294 2394 ius

170 2431 284 2495 habere
306 2431 451 2512 poterant
467 2431 573 2494 contm
591 2428 773 2510 episcopum
792 2429 1005 2495 catholicum?
1028 2432 1110 2496 unde
1129 2435 1162 2497 et
1179 2434 1293 2500 merito
1313 2459 1342 2501 so

171 2537 322 2617 accepta
342 2534 558 2617 persecutione
582 2537 752 2611 cessarunt,
776 2535 907 2600 maxime
934 2556 1014 2604 unus
1037 2556 1073 2603 er
1094 2537 1174 2620 ipsis
1196 2538 1295 2605 etiam

171 2641 278 2706 diuina
298 2641 393 2724 plaga
414 2639 615 2721 admonitus),
633 2642 709 2703 tunc
732 2641 876 2724 egregius
899 2642 959 2706 iste
975 2642 1025 2707 bis
1044 2643 1211 2727 episcopus
1229 2644 1294 2710 iam

169 2745 302 2829 propriis
324 2744 446 2809 uiribus
468 2744 580 2808 nititur
602 2747 633 2809 et
654 2745 755 2810 mittit
776 2747 899 2810 turbam
927 2747 1109 2812 clericorum
1133 2747 1172 2812 ad
1194 2751 1295 2815 eccle-

171 2852 250 2917 siam
275 2849 361 2914 beati
385 2849 569 2914 Heraclidae
597 2850 743 2915 catholici
772 2851 911 2934 episcopi
938 2870 1068 2935 eamque
1095 2855 1210 2919 euertit
1241 2856 1295 2921 de·

171 2961 294 3023 struens
324 2955 462 3037 undique
492 2956 637 3038 parietes,
666 2957 711 3021 ita
737 2960 773 3021 ut
799 2958 904 3040 ipsum
931 2961 1027 3023 altare
1055 2959 1104 3025 dei
1127 2959 1293 3027 securibus
1313 2989 1342 3030 aa

206 3226 219 3279 l
239 3241 293 3279 una
311 3223 348 3287 Vr
366 3226 569 3286 scotaverat,
585 3224 718 3278 sententia
735 3225 763 3278 Y
825 3240 905 3295 super
922 3225 949 3279 V
994 3192 1069 3296 2οροε
1083 3247 1108 3290 π,
1122 3228 1253 3299 episcopis
1267 3249 1292 3292 a,

171 3313 308 3383 episcopus
328 3312 356 3366 Y
427 3311 573 3365 catholicus
596 3311 636 3365 Ya
724 3313 878 3367 decoctam
897 3312 922 3363 Φ
994 3315 1135 3370 eraclidam
1158 3315 1196 3370 V:
1213 3317 1291 3371 hera·

170 3401 265 3456 elidem
278 3400 303 3450 Φ
372 3399 469 3454 idoneo
487 3399 512 3450 Φ
566 3400 773 3455 teclaribusV
812 3402 859 3472 ip
877 3403 964 3472 aplica
979 3402 1006 3456 V
1043 3403 1250 3460 Sconuersione
1268 3405 1294 3459 V

170 3489 241 3560 apud
263 3487 495 3559 1¹:2popu10o
548 3491 698 3560 οιιυοῒιιεχ,
717 3489 887 3562 uinctuscap
926 3492 958 3545 10
976 3490 1025 3546 deo
1043 3507 1093 3547 om.
1109 3511 1126 3543 π
1162 3493 1195 3546 12
1210 3496 1290 3570 atque

169 3578 263 3648 ipsius]
286 3576 350 3644 finio
372 3576 437 3644 solii
456 3579 493 3629 49
509 3576 541 3630 in
558 3577 647 3631 codice
664 3596 695 3647 χ;
718 3578 818 3632 reddit
833 3579 932 3644 foliam
949 3595 1046 3646 acaum
1066 3580 1139 3647 qaeod
1155 3580 1236 3635 todia
1252 3586 1291 3635 eet

163 3666 266 3735 foliam
282 3667 321 3718 50
332 3665 429 3734 incipit
439 3665 555 3720 ambre
568 3665 613 3720 ubi
628 3670 717 3720 autem
729 3666 799 3720 idem
813 3669 886 3736 (pap.
903 3670 1006 3735 38,1a)
1045 3668 1078 3721 13
1088 3667 1247 3722 aduenerint
1256 3687 1290 3738 φκ

172 3753 204 3806 14
222 3753 377 3807 societatem
396 3753 505 3822 eiusque
528 3753 565 3807 V:
583 3754 711 3808 societate
730 3771 782 3823 que
800 3772 841 3819 aa,
861 3756 989 3810 societate
1008 3759 1088 3825 atque
1108 3776 1124 3827 φ
1202 3774 1288 3812 sacro·

170 3842 261 3893 sancto
280 3840 309 3906 (i)
327 3840 390 3894 fidei
408 3841 570 3894 consortium
587 3841 735 3910 interpolat
754 3862 770 3913 φ
843 3843 875 3896 11
894 3843 1083 3914 intempestate
1102 3862 1140 3914 aa
1207 3846 1289 3900 lanci-

169 3929 238 3981 arios
252 3948 278 3998 φ,
297 3928 437 3982 lanciarius
450 3948 484 3980 πκ
534 3929 566 3983 18
585 3929 678 3983 eadem
697 3929 755 3995 ΥΦ,
770 3945 866 3986 corae
917 3932 949 3985 19
966 3932 1106 4003 temerarie
1124 3939 1250 4004 ceperant
1267 3935 1293 3989 V

169 4016 203 4069 20
220 4015 319 4068 habere
336 4031 387 4069 om.
406 4014 431 4065 Φ
504 4018 686 4087 episcoporum
709 4017 736 4069 V
803 4022 831 4072 et
848 4034 899 4073 om.
918 4018 943 4068 Φ
1023 4020 1055 4074 21
1076 4024 1184 4091 acepta
1201 4041 1227 4077 o:
1247 4037 1289 4078 ac·-

168 4107 247 4175 cepta
269 4103 300 4168 V,
318 4107 428 4175 accepta
446 4104 470 4154 Φ
524 4105 560 4159 24
576 4105 717 4176 heraclyde
741 4102 767 4160 V
