2904 4672
172 278 236 341 430
375 272 477 328 Gelasii
495 272 517 326 Ι.
538 272 610 326 dicta
628 271 754 326 aduersus
772 272 949 342 Pelagianam
964 255 1095 327 haeresim

121 468 255 540 74tione
292 468 443 552 singulari
483 465 666 531 mirabiliter
705 467 882 548 explicauit.
950 467 1061 532 dehinc
1101 466 1187 550 quali
1226 473 1299 551 post

171 575 428 640 resurrectionem
456 593 581 656 corpore
610 575 787 638 censeretur
813 592 883 638 esse
910 574 1042 656 quisque
1069 578 1232 655 uenturus,
1264 576 1297 640 id

172 683 230 758 est,
262 683 368 745 utrum
400 681 457 744 hac
490 679 676 757 conditione,
709 699 803 762 quam
839 680 997 745 moriendo
1033 684 1222 765 gestauerat,
1259 701 1296 747 an

171 789 263 870 longe
299 786 436 863 meliore,
472 787 674 852 nihilominus
707 786 763 851 illa
798 787 1003 851 similitudine
1039 788 1198 871 patefecit,
1237 808 1298 871 qua

173 896 300 958 secutus
329 893 488 975 exposuit:
517 895 553 956 et
579 895 619 956 tu
648 893 744 974 quod
771 893 946 971 seminas,
973 893 1110 958 nudum
1143 913 1299 978 granum
1326 916 1338 955 s

174 1000 351 1077 seminas,
384 1002 425 1062 ut
455 1001 545 1081 puta
576 999 699 1062 tritici
731 1002 794 1064 aut
821 999 983 1064 alicuius
1011 1004 1233 1079 ceterorum,
1262 1006 1297 1066 et

174 1107 262 1171 deus
287 1106 349 1170 dat
369 1105 431 1170 illi
454 1123 587 1188 corpus
606 1108 716 1188 prout
733 1107 828 1170 uult.
845 1106 877 1169 in
896 1103 955 1171 hac
975 1125 1048 1191 ergo
1066 1106 1166 1172 forma
1185 1126 1296 1191 corpus

174 1212 267 1277 deum
295 1212 366 1276 dare
394 1211 555 1277 decentius
583 1231 676 1293 qnam
704 1212 823 1277 obierat
848 1212 1008 1277 euidenter
1030 1213 1191 1295 expressit,
1215 1213 1297 1278 sieut

173 1320 203 1382 in
246 1318 509 1401 subseqnentibus
550 1318 680 1382 dicitur:
723 1319 926 1384 seminatur·
964 1319 1000 1382 in
1042 1319 1294 1402 corruptione,

173 1425 296 1510 surgit
327 1424 363 1488 in
395 1424 691 1506 incorruptione;
725 1424 930 1490 seminatur
966 1425 1002 1489 in
1037 1424 1334 1509 ignobilitatem

172 1531 300 1615 surgit
326 1530 362 1594 in
391 1530 529 1613 gloria;
558 1531 764 1594 seminatur
791 1531 826 1594 in
848 1531 1090 1608 infirmitate,
1115 1532 1239 1615 surgit
1260 1532 1295 1595 in

172 1638 331 1712 uirtute3
369 1637 575 1702 seminatur
611 1656 744 1719 corpus
786 1637 957 1715 animale,
999 1637 1122 1722 surgit
1163 1656 1295 1719 corpus

121 1743 355 1826 Vdspiritale.
389 1762 460 1808 ecce
493 1743 754 1825 quemadmodum
785 1743 920 1808 hominis
950 1744 1113 1809 morientis
1145 1762 1207 1809 non
1239 1744 1296 1810 hoo

173 1850 353 1928 seminatur,
385 1849 469 1931 quod
492 1868 604 1932 corpus
628 1853 676 1913 est
698 1852 772 1932 post
793 1849 951 1927 futumm;
979 1869 1050 1915 ecce
1076 1854 1189 1933 prout
1215 1845 1297 1916 uult

173 1957 251 2021 deus
281 1955 477 2040 intellegitur
511 1957 732 2021 resurrecturis
765 1975 877 2038 corpus
913 1955 1077 2021 reformare
1113 1960 1188 2040 post
1218 1977 1298 2022 mor·
1314 1974 1335 2016 s

172 2065 248 2140 tem,
285 2079 355 2127 eum
392 2061 613 2127 inaestimabili
645 2080 719 2126 suae
749 2061 978 2128 misericordiae
1009 2062 1183 2140 uoluntate,
1216 2062 1299 2145 quod

172 2168 274 2234 fuerat
312 2168 343 2232 in
385 2168 580 2250 corruptione
620 2169 818 2247 seminatum,
862 2167 1091 2250 incorruptibili
1135 2169 1298 2237 nobilitate

173 2277 342 2350 restaurat3
384 2274 466 2356 quod
502 2274 604 2338 fuerat
638 2277 776 2339 terrenae
813 2274 998 2339 conditionis
1033 2275 1066 2339 in
1101 2275 1298 2358 ignobilitate

174 2380 322 2462 sopitum,
345 2380 377 2444 in
400 2381 501 2465 gloria
523 2380 650 2445 caelesti
671 2380 854 2457 resuscitst3
878 2380 962 2463 quod
979 2380 1081 2446 fuerat
1098 2381 1297 2446 mortalitatis

172 2486 351 2551 infirmitate
365 2487 550 2565 resolutum,
561 2486 752 2570 redintegrat
764 2487 999 2552 inmortalitatis
1013 2486 1123 2552 decore
1132 2488 1297 2563 uestitum3
1312 2505 1336 2544 a

173 2596 340 2674 postremo,
378 2593 461 2674 quod
492 2592 594 2657 fuerat
625 2592 758 2657 animale
791 2592 982 2672 defunctum,
1016 2611 1128 2676 corpus
1162 2593 1298 2675 spiritale

123 2691 314 2763 terestrem
346 2701 378 2762 et
407 2699 564 2764 reformat.
602 2718 681 2780 quae
713 2701 825 2763 cuneta
855 2697 894 2762 ad
926 2700 1044 2763 statum
1075 2699 1297 2765 meliorationis

174 2803 468 2887 sublimationisque
512 2805 700 2888 respiciunt;
741 2805 796 2868 illa
835 2823 920 2882 uero,
963 2823 1040 2886 quae
1080 2807 1189 2883 restat,
1229 2823 1297 2887 pars

175 2909 400 2992 cooperationis
438 2910 571 2976 adnexae
610 2911 788 2994 specialiter
823 2910 861 2975 ad
901 2910 1123 2994 proprietatem
1165 2909 1298 2993 corporis

175 3017 342 3098 unicuique
374 3017 589 3082 rethibendam
621 3016 772 3099 pertinere
805 3016 955 3094 firmatur,
987 3036 1050 3099 qua
1079 3019 1334 3101 consequentere

177 3123 305 3188 dicitur:
339 3126 375 3188 et
406 3125 609 3207 unicuique
642 3124 822 3188 seminum
848 3124 1039 3207 proprium
1066 3142 1219 3208 corpus,
1247 3123 1298 3188 ubi

177 3229 253 3294 satis
285 3233 413 3312 apparet
444 3230 474 3294 in
508 3231 619 3313 queuis
651 3231 881 3315 resurgentium
912 3231 1052 3295 claritate
1079 3230 1298 3313 proprietatem

125 3342 164 3406 77
178 3337 314 3418 corporis
329 3356 398 3402 esse
412 3357 601 3404 mansuram.
633 3355 689 3401 nec
701 3338 838 3403 otiosum
848 3340 905 3415 est,
917 3337 1119 3419 qnodbeatus
1130 3339 1298 3420 apostolus,

265 3630 281 3681 9
301 3627 359 3683 bor.
377 3629 392 3682 I
413 3629 451 3690 15,
471 3629 576 3681 42-44

212 3805 228 3857 2
247 3808 437 3860 resurrectione
461 3806 491 3871 V,
511 3823 578 3861 corr.
599 3826 612 3859 u
677 3808 693 3862 3
712 3809 761 3876 hec
784 3808 815 3870 V,
835 3823 901 3861 corr.
922 3828 935 3860 o
1007 3810 1166 3876 gustanerat
1188 3809 1218 3874 V,
1237 3824 1300 3862 corr.

177 3894 275 3948 Massi
345 3913 378 3949 an
398 3896 435 3963 pl:
456 3912 472 3949 a
493 3895 520 3949 V
560 3897 703 3965 4qnamo
749 3896 782 3949 10
799 3896 996 3965 incorruptione
1015 3901 1040 3949 et
1058 3896 1089 3949 11
1110 3895 1303 3965 gloriaecrt'psi

177 3983 323 4036 secundum
348 3984 436 4052 Volo:
453 3985 678 4053 incorruptionem
698 4026 721 4038 ..
742 3984 853 4054 gloriam
875 3985 901 4038 V
920 3984 983 4038 Oce.
1039 3984 1071 4038 12
1090 3984 1222 4039 uirtutem
1242 3985 1301 4038 Cor.

180 4071 211 4124 13
232 4070 423 4140 queadmodum
438 4090 467 4125 a:
487 4074 540 4144 qur}
557 4072 697 4126 admodum
715 4075 746 4127 ies
760 4089 810 4142 qne
825 4071 966 4126 admodum
979 4089 1046 4127 corr.
1066 4072 1094 4125 V
1132 4073 1169 4126 22
1182 4075 1306 4128 restituat

180 4163 208 4212 et
224 4159 350 4214 reformet
372 4160 403 4227 V,
423 4176 489 4217 corr.
512 4161 574 4215 Gar.
629 4162 662 4216 25
681 4160 841 4217 rethibenda
863 4161 894 4226 V,
913 4178 980 4216 corr.
1004 4161 1066 4214 Gar.
