2904 4672
229 220 271 285 94
600 216 641 273 De
659 218 739 274 rebus
756 218 862 290 Pelagii
880 218 1011 289 epistulae

226 413 321 478 huius
343 412 499 496 dogmatis
523 417 633 478 auctor
653 413 811 479 inuentus.
834 432 890 478 nec
912 414 1055 492 interest,
1077 412 1133 478 ubi
1155 412 1212 478 isti
1232 412 1363 492 fuerint,

184 518 314 596 5dum,
345 519 536 600 ubicumque
576 518 709 584 inueniri
748 519 918 603 potuerint,
955 520 1020 585 sint
1059 518 1200 584 sanandi.
1266 518 1362 584 nobis

227 627 332 690 tamen
363 643 419 690 nec
447 624 628 708 persuaderi
659 627 765 707 potest
797 643 869 690 eum
899 643 969 690 esse
1000 628 1182 709 purgatum,
1211 623 1362 707 quamuis

227 729 325 794 etad
351 749 408 795 nos
437 749 455 794 a
483 731 588 795 nescio
616 730 731 813 quibus
758 730 848 795 laicis
875 731 939 796 sint
966 733 1055 814 gesta
1081 731 1212 813 perlata,
1241 730 1362 814 quibus

225 835 281 900 ille
299 835 447 900 auditum
470 855 504 901 se
527 836 666 901 crederet
688 840 720 900 et
742 836 933 903 absolutum.
958 856 1037 919 quae
1058 841 1166 902 utrum
1188 837 1361 915 uerenini,
1389 860 1405 901 a

227 941 418 1020 dubitamus,
448 941 532 1024 quod
559 942 617 1007 sub
643 942 731 1007 nulle
756 942 843 1007 illius
871 943 996 1008 concilii
1023 943 1242 1027 prosecutione
1264 961 1363 1008 uene·

140 1085 141 1088 =
226 1049 300 1111 runt
321 1065 379 1112 nec
404 1066 509 1113 eorum
534 1047 655 1130 aliquas
677 1047 875 1131 suscepimus
899 1048 937 1113 de
964 1049 1023 1114 hac
1044 1068 1077 1115 re
1108 1050 1242 1128 litteras,
1274 1049 1363 1134 apud

228 1172 307 1236 quos
338 1153 432 1219 istius
463 1154 510 1218 rei
541 1154 602 1219 iste
632 1153 792 1236 praestitit
823 1173 945 1222 causas.
978 1155 1062 1237 quod
1093 1156 1121 1221 si
1152 1156 1191 1221 de
1219 1172 1277 1220 sua
1303 1155 1361 1221 ille

226 1259 386 1341 potuisset
419 1260 605 1346 purgatione
640 1260 805 1339 confidere,
840 1261 900 1326 hoc
936 1262 1039 1347 magis
1075 1262 1231 1326 credimus
1272 1260 1361 1343 quod

229 1364 357 1448 egisset,
376 1366 459 1448 quod
476 1367 577 1432 multo
595 1367 702 1432 uerius
726 1386 795 1433 osse
817 1371 950 1451 poteret,
974 1372 1010 1432 ut
1031 1367 1112 1438 illos
1136 1369 1263 1454 cogeret
1294 1368 1360 1450 epi·
1379 1393 1407 1434 ro

184 1476 204 1540 6
228 1471 319 1537 stolis
338 1472 416 1552 suis,
435 1473 489 1554 qui
503 1471 919 1552 diiudicauerantindicare.
964 1493 1074 1539 uerum
1090 1493 1162 1539 cum
1175 1474 1241 1539 sint
1253 1474 1363 1557 aliqua

227 1576 267 1643 in
287 1577 365 1662 ipsis
392 1578 496 1661 posita
522 1579 632 1662 gestis,
661 1597 740 1660 quae
768 1578 891 1644 obiecta
916 1579 1032 1661 partim
1054 1563 1109 1644 iilo
1131 1579 1261 1645 nitendo
1284 1597 1362 1662 sup·

227 1684 354 1765 pressit,
372 1683 486 1767 partim
504 1685 606 1749 multa
623 1685 655 1749 in
674 1703 708 1750 se
726 1684 823 1750 uerba
844 1685 1051 1778 retorquendo
1075 1689 1143 1752 tota
1166 1685 1361 1751 obscuritate

229 1789 380 1869 confudit,
408 1790 512 1872 eliqua
537 1790 638 1875 magis
665 1790 755 1856 falsis
783 1792 976 1875 argumentis
1006 1811 1099 1874 quem
1126 1791 1361 1870 ueneratione,
1392 1869 1393 1872 Ἴ

228 1897 265 1958 ut
283 1893 322 1959 ad
339 1897 464 1978 tempus
486 1899 609 1978 poterat
630 1895 740 1973 uideri,
764 1897 912 1982 purgauit
934 1898 1075 1983 negando
1099 1897 1169 1976 alia,
1193 1897 1256 1961 alia
1278 1896 1363 1962 falsa
1380 1926 1406 1968 ιι

187 2006 205 2070 7
228 2000 485 2083 interpretatione
507 2001 667 2067 uertendo.
722 2001 778 2068 sed
800 2003 932 2082 utinam,
957 2003 1040 2086 quod
1063 2004 1233 2088 optandum
1255 2003 1363 2088 magis

230 2106 380 2184 ostiam
407 2125 440 2171 se
467 2102 522 2171 ille
550 2107 589 2172 ad
615 2126 722 2172 ueram
750 2107 924 2173 catholicae
953 2107 1026 2173 fidei
1054 2107 1140 2172 uiam
1166 2106 1283 2172 abillo
1308 2108 1363 2173 sui

229 2212 365 2277 tramitis
380 2231 480 2277 errore
489 2215 667 2291 conuertat,
681 2216 719 2279 ut
732 2213 839 2297 cupiat
851 2213 993 2296 uelitque
1005 2213 1143 2299 purgari,
1159 2213 1363 2279 considerans

231 2317 434 2383 cottidianam
452 2318 502 2383 dei
520 2319 650 2402 gratiam
670 2319 921 2402 adiutoriumque
936 2337 1139 2405 cognoscens,
1154 2321 1190 2383 ut
1203 2318 1362 2398 uideatur,

229 2442 341 2489 uerum
364 2427 396 2489 et
418 2424 607 2509 adprobetur
629 2425 667 2490 ab
691 2425 835 2491 omnibns
858 2425 1025 2492 manifesta
1046 2425 1165 2491 ratione
1189 2428 1363 2505 correctus,
1382 2459 1409 2499 so

230 2548 290 2595 non
310 2531 469 2614 gestorum
487 2530 602 2597 indicio
621 2531 676 2596 sed
695 2531 735 2596 ad
752 2531 940 2597 catholicam
956 2531 1051 2596 fidem
1074 2530 1166 2596 corde
1190 2535 1362 2597 conuerso!

230 2636 312 2700 unde
330 2654 391 2701 non
407 2656 578 2720 possumus
591 2637 717 2702 illorum
731 2655 787 2702 nec
800 2637 968 2720 adprobare
982 2655 1039 2702 neo
1053 2637 1179 2719 culpare
1194 2637 1363 2716 iudicium,

232 2760 304 2806 cum
321 2742 508 2820 nesciamus,
527 2746 634 2806 utrum
651 2761 726 2807 uera
744 2743 1000 2825 sucgestione,
1018 2742 1046 2807 si
1064 2761 1139 2806 uera
1160 2744 1245 2821 sunt,
1267 2742 1363 2806 illum

268 2891 281 2943 l
302 2890 423 2960 dogmati
443 2890 467 2960 Q
520 2891 537 2944 2
556 2889 618 2944 dum
637 2890 797 2960 ubicumque
816 2890 873 2958 (ubi
891 2890 1052 2960 quicumque
1070 2887 1099 2958 q²
1116 2895 1142 2944 ct
1159 2894 1224 2944 orote
1236 2904 1304 2943 corr.
1319 2889 1362 2958 93)

231 2979 347 3032 inueniri
364 2980 501 3049 potuerint
521 2979 557 3049 Q:
574 2978 675 3033 om.V
724 2981 789 3036 dei
810 2979 847 3034 V:
866 2978 961 3048 om.Q
1031 2979 1102 3050 aQ:
1120 2994 1172 3033 om.
1189 2977 1216 3032 V
1261 2979 1284 3032 ὁ
1303 2995 1363 3034 cre·

232 3066 309 3121 deret
326 3068 361 3122 V:
376 3071 405 3121 et
418 3068 524 3122 credere
536 3067 600 3138 p¹q²,
615 3071 644 3123 et
657 3068 776 3123 crederet
788 3067 817 3138 ᾤ
870 3069 885 3122 7
904 3068 996 3142 aliqua
1008 3068 1173 3138 suscepimus
1191 3067 1222 3132 V,
1237 3082 1305 3145 corr.
1320 3065 1363 3120 0²:

233 3156 337 3224 aliquas
356 3157 549 3227 accepimusQ
629 3157 662 3212 10
688 3157 775 3211 multa
801 3157 829 3209 V
930 3158 1037 3227 poterat
1065 3154 1155 3209 Vei-⁶:
1183 3158 1310 3224 potuerat
1339 3155 1365 3225 Q

233 3246 342 3313 cogeret
356 3244 391 3315 Q:
404 3249 578 3315 cognosceret
595 3247 619 3300 V
673 3247 703 3300 11
718 3246 764 3316 qni
778 3245 994 3300 diiudicauerant
1010 3244 1046 3299 V:
1060 3244 1125 3314 quid
1135 3243 1323 3298 iudicauerunt
1338 3243 1366 3314 Q

232 3331 317 3385 uerba
329 3332 394 3387 indo
404 3350 422 3386 a
431 3349 489 3386 cum
499 3333 555 3387 sint
565 3334 655 3404 aliqua
664 3349 748 3402 usquc
757 3333 828 3401 adp.
841 3335 887 3401 95,
897 3338 912 3386 1
921 3333 1035 3388 ueritate
1051 3346 1180 3402 purgasso
1195 3331 1288 3399 adfert
1300 3332 1362 3385 Aa·

230 3421 357 3489 poeticos
374 3421 406 3475 de
421 3428 531 3491 peceato
549 3423 614 3492 orio.
631 3426 669 3476 10
687 3421 754 3488 (cd.²
766 3423 892 3477 Macrin.
907 3423 938 3476 X
948 3421 997 3477 col.
1010 3424 1078 3488 172)
1117 3421 1149 3474 12
1167 3419 1279 3474 uitando
1295 3435 1360 3489 snp-

232 3509 332 3577 pressit
341 3511 438 3578 partim
453 3526 503 3564 om.
517 3510 546 3581 q²
600 3512 634 3564 14
652 3509 774 3565 confudit
792 3510 957 3580 VAoooste
977 3508 1157 3578 confunditQ
1228 3508 1320 3577 alique
1337 3507 1367 3560 V

232 3597 319 3666 magis
336 3597 405 3652 falsa
423 3616 502 3668 quam
515 3603 629 3670 Accessi.
685 3600 718 3654 15
736 3599 791 3653 alia
808 3599 861 3653 alia
877 3599 1041 3669 QAuouet..·
1059 3598 1113 3652 alia
1130 3596 1157 3651 V
1209 3597 1242 3652 17
1260 3597 1315 3650 iarn
1336 3595 1366 3648 V

233 3687 362 3756 Augousta
384 3689 466 3742 etiarn
487 3689 510 3759 Q
528 3690 622 3756 (etiarn
643 3688 690 3742 ille
713 3704 742 3743 se
760 3693 825 3756 trop.
843 3687 899 3755 pape)
1005 3687 1053 3740 illo
1072 3703 1119 3740 suo
1139 3700 1226 3739 errore
1244 3686 1360 3755 Arcpust.

235 3775 268 3828 18
286 3778 318 3829 ut
339 3775 403 3846 VQ:
421 3781 449 3831 et
466 3767 580 3847 Aspicit.
687 3777 721 3833 20
743 3793 836 3831 uerum
860 3777 887 3842 (i.
907 3793 927 3831 e.
946 3776 1038 3841 immo)
1067 3774 1129 3846 VQ:
1155 3789 1216 3828 uere
1235 3775 1359 3842 Assyrani..

234 3863 263 3933 q³
280 3860 354 3918 mori.
372 3868 400 3932 2,
421 3865 552 3920 editiones
613 3866 646 3920 21
669 3865 769 3926 iudicio
787 3867 901 3936 Aaooet.
921 3863 949 3933 p*
1001 3862 1165 3916 suillorum
1191 3861 1362 3931 QAapusi..·

235 3969 285 4008 ooo.
308 3954 336 4006 V
437 3954 544 4026 culpare
563 3955 676 4026 (culpari
693 3952 722 4024 ρ’
739 3960 765 4009 et
782 3960 847 4011 ante
865 3970 932 4009 corr.
951 3951 990 4021 qi)
1012 3952 1035 4022 Q
1051 3952 1182 4020 Accessi:
1199 3965 1314 4019 purgare
1337 3949 1362 4000 V

235 4043 269 4097 23
288 4046 336 4096 aut
357 4042 384 4097 V
397 4043 462 4097 i³-⁶
479 4043 608 4114 despuet:
626 4047 658 4097 ut
677 4042 701 4114 Q
765 4059 829 4097 uera
846 4046 910 4096 sunt
930 4041 966 4112 Q.-
983 4057 1047 4094 uera
1065 4040 1121 4095 sint
1138 4040 1263 4108 Asperat„
1282 4053 1359 4090 uera·

237 4133 274 4188 cii
296 4130 323 4185 V
391 4131 467 4185 illum
486 4146 536 4197 om.
555 4131 669 4201 Audon.
