2904 4672
172 254 236 318 246
438 251 533 321 Uigilii
553 252 727 306 coustitutum
747 253 780 307 de
798 255 885 308 tribus
904 255 1029 324 capitulis

171 445 264 511 decet
285 445 384 510 eredit
406 449 461 510 eut
481 444 640 527 praedicet
663 448 695 508 et
716 462 777 509 neu
800 464 897 509 uuum
922 445 1116 529 eundemque
1140 446 1306 513 Christum

172 551 265 617 deum
294 571 328 616 ae
356 551 516 616 deminum
546 557 688 616 nestrum
720 554 864 616 manente
895 552 926 616 iu
959 552 1025 617 suis
1056 553 1306 637 proprietutibus

173 659 346 724 differentia
368 662 546 723 naturarum
570 658 713 743 agnoseit
735 662 767 722 et
790 659 898 736 eredit,
923 659 1087 724 anathema
1111 659 1163 724 sit.

119 854 162 916 58
630 845 790 929 Capitulum
813 857 848 917 Χ.

216 977 286 1053 ‘Ege
315 978 438 1052 quidem,
463 996 546 1052 quem
569 978 684 1055 uidetis,
708 978 780 1037 nihil
803 978 916 1052 quidem
940 979 1034 1038 fecere
1056 996 1175 1052 pessum
1199 997 1306 1040 seeun-
1335 992 1348 1033 ὁ

174 1068 245 1126 dum
269 1084 359 1125 meam
387 1070 527 1139 naturam,
558 1084 620 1126 eum
648 1067 732 1126 homo
760 1067 829 1138 sim;
859 1083 961 1141 operor
983 1071 1088 1138 eutem,
1112 1068 1182 1142 quie
1204 1069 1235 1128 in
1260 1087 1306 1128 me

174 1172 292 1214 manens
315 1158 396 1230 peter
419 1156 514 1214 onnia
535 1154 615 1215 feeit.
640 1153 772 1230 quonia'in
797 1156 872 1214 enim
896 1160 925 1215 et
947 1173 999 1232 ege
1023 1156 1052 1215 in
1070 1160 1152 1232 patre
1173 1160 1204 1216 et
1220 1161 1307 1233 puter

173 1245 203 1303 in
231 1262 286 1314 uie,
314 1246 384 1303 deus
407 1247 501 1303 eutem
524 1246 643 1304 uerbum
666 1244 832 1319 unigenitus
856 1245 902 1302 dei
924 1245 955 1303 iu
977 1262 1022 1303 me
1045 1248 1098 1317 est,
1124 1249 1234 1305 eertum
1260 1251 1306 1306 est

122 1320 252 1407 59qu0d
281 1336 309 1390 et
335 1335 418 1407 peter
439 1350 502 1394 eum
524 1333 587 1408 ipso
611 1333 708 1391 inme
730 1335 829 1392 menet
851 1337 879 1392 et
901 1351 988 1407 opere
1009 1330 1098 1396 fucit‘.
1124 1336 1153 1393 et
1174 1351 1235 1395 uon
1260 1339 1306 1394 est

174 1421 334 1485 mirandum
362 1423 397 1479 de
425 1421 537 1480 christe
564 1423 636 1481 haee
664 1421 915 1493 existimantem
940 1423 1088 1482 euidenter
1109 1423 1172 1498 ipse
1196 1425 1232 1483 de
1256 1441 1305 1484 ce·
1322 1435 1347 1475 1⁰

176 1511 246 1569 teris
272 1511 441 1579 hominibus
466 1510 553 1569 dicit:
585 1510 646 1585 qui
674 1510 806 1585 diligit
832 1529 899 1583 me,
927 1512 1077 1571 uerbum
1106 1530 1219 1571 meum
1243 1514 1304 1572 ob·

175 1601 303 1658 seruet
325 1602 360 1658 et
381 1601 489 1673 pater
511 1617 610 1658 meus
634 1599 774 1674 diliget
797 1616 874 1658 euin
895 1603 931 1658 et
948 1601 991 1659 ed
1011 1617 1085 1660 eum
1102 1601 1304 1662 ueniemus

177 1690 213 1746 et
235 1688 462 1747 mansionem
485 1689 580 1762 apud
602 1689 722 1762 ipsum
744 1687 942 1748 faciemus.
967 1688 992 1748 si
1011 1689 1086 1748 euim
1104 1690 1182 1764 apud
1200 1707 1304 1748 unum-

176 1793 316 1851 quemque
338 1777 502 1836 huiusmodi
525 1777 668 1836 hominem
692 1781 720 1836 et
741 1781 824 1852 peter
846 1778 875 1835 et
891 1777 967 1837 filius
985 1778 1160 1838 mensionem
1179 1777 1303 1850 fueiunt

177 1865 245 1939 quid
268 1865 429 1924 mirandum
452 1868 505 1937 est,
529 1866 606 1925 siin
630 1865 744 1925 domiuo
768 1867 924 1925 seeundum
943 1884 1056 1926 earnem
1081 1867 1193 1927 Christo
1218 1869 1303 1927 ambo
1322 1875 1345 1916 1⁶

176 1953 260 2012 simul
287 1956 455 2028 putarentur
477 1972 591 2014 manere
623 1955 819 2014 communione
851 1972 947 2014 eorum
977 1957 1134 2015 seeundum
1166 1957 1305 2015 substen-

176 2043 245 2100 tiem
270 2043 496 2105 communionem
520 2044 605 2102 etiam
628 2043 785 2103 mensionis
807 2043 928 2103 forsitan
952 2042 1147 2120 susqipient'e?

126 2153 166 2218 60
220 2162 255 2226 Iu
288 2181 383 2245 supra
414 2162 530 2245 scripte
563 2163 682 2227 decimo
714 2163 850 2247 capitulo
882 2164 928 2228 ita
958 2163 989 2226 in
1020 2164 1144 2229 homine
1176 2162 1304 2229 Chiisto

178 2267 255 2333 deus
279 2269 410 2332 uerbum
434 2269 536 2334 inesse
560 2268 675 2333 dicitur
698 2268 780 2334 sieut
804 2273 835 2334 et
856 2273 954 2354 peter,
979 2272 1015 2333 ut
1036 2288 1091 2352 pei·
1113 2270 1173 2334 hoc
1197 2274 1254 2337 aut
1277 2277 1310 2336 et

177 2376 267 2456 pater
287 2375 466 2440 incarnatus
490 2393 559 2439 esse
582 2375 727 2439 uideatur
749 2375 832 2440 sicut
851 2379 883 2440 et
900 2376 994 2445 filius.
1014 2379 1069 2439 eut
1085 2394 1141 2439 nee
1159 2374 1310 2444 filiussit
1325 2397 1350 2437 ιι

177 2480 355 2546 incarnatus
379 2482 462 2546 sicut
484 2500 540 2546 uec
558 2485 654 2562 pater,
674 2485 729 2546 aut
746 2481 846 2566 magis
866 2484 995 2563 uterque
1013 2482 1045 2545 in
1064 2481 1156 2546 tertia
1173 2501 1309 2565 persone

268 2707 285 2760 4
304 2704 367 2775 Cep.
381 2704 406 2758 X
421 2729 453 2750 =
468 2703 526 2758 Act.
547 2705 608 2775 Syn.
630 2705 662 2758 10
681 2704 740 2770 (‘Et
752 2711 817 2773 poet
835 2705 904 2758 alia*
923 2705 1050 2776 praefigit
1065 2705 1112 2774 0)‚·
1132 2704 1235 2762 Graeca
1252 2726 1308 2764 ser·

179 2795 257 2848 ueuit
273 2793 403 2848 Leontius
415 2793 529 2862 (script.
553 2795 607 2846 uet.
630 2809 699 2846 noue
718 2793 778 2849 coll.
798 2792 834 2846 VI
853 2794 913 2858 310,
932 2793 989 2863 31):
1009 2791 1077 2866 ’11γο
1096 2796 1151 2866 μίν,
1171 2789 1200 2845 ὃν
1220 2793 1307 2865 ὁρᾶτε,

181 2881 297 2952 δόναμαι,
306 2884 351 2953 μὲν
369 2877 540 2933 ποιεῖνόὐόὲν
558 2880 624 2932 κατὰ
641 2880 690 2950 τὴν
703 2879 797 2932 οἰκείαν
812 2882 885 2952 ρόσιν
898 2880 941 2933 ἅτε
956 2877 1094 2952 ἅνθρωπος
1108 2879 1153 2935 ὧν·
1168 2875 1309 2954 ἐργάζομαι

181 2967 216 3035 δὲ,
240 2968 326 3040 ἐπειδὴ
349 2968 376 3021 ἓν
399 2967 455 3040 ἐμοὶ
477 2966 561 3038 μόνων
580 2966 593 3018 ό
612 2969 695 3039 πατὴρ
719 2968 818 3021 ἅπαντα
840 2973 912 3021 ποιεῖ·
936 2965 1022 3040 ἐπειδὴ
1045 2970 1094 3041 γὰρ
1112 2967 1164 3041 ἐγώ
1182 2970 1209 3023 τε’
1230 2990 1308 3044 φησιν

180 3059 207 3112 ίν
226 3061 261 3130 τῷ
280 3057 356 3128 πατρί
372 3056 416 3109 καὶ
433 3055 447 3108 ό
466 3056 550 3127 πατὴρ
569 3055 595 3108 ἓν
614 3055 677 3127 ἐμοὶ,
695 3057 759 3119 θεὸς
778 3055 804 3108 δὲ
829 3055 906 3126 λόγος
929 3055 955 3108 ἐν
971 3055 1031 3128 ,ἐμοί
1048 3055 1062 3108 ό
1080 3063 1125 3110 τοῦ
1142 3058 1208 3111 θεοῦ
1232 3078 1308 3136 μονο-

179 3146 265 3218 γενὴς,
285 3143 403 3216 δηλονότι
420 3143 464 3196 καί
480 3144 564 3214 πατὴρ
583 3145 628 3196 οἷον
648 3142 717 3215 αὐτῷ
740 3142 767 3194 ἓν
791 3142 846 3215 ἐμοί
870 3162 897 3195 τε
916 3144 999 3216 μένων
1018 3142 1062 3196 καί
1077 3141 1140 3218 ’ἔργα
1157 3152 1247 3200 ποιῶν.
1262 3146 1308 3199 οιαὶ

181 3233 332 3306 θαυμαστόν
349 3252 377 3304 γε
397 3221 469 3285 utne
494 3231 534 3284 ἰπὶ
555 3239 600 3286 τοῦ
623 3231 735 3302 Χριστοῦ
753 3238 828 3285 τοῦτο
847 3230 956 3303 νομίζειν
975 3238 1066 3304 σαφῶς
1084 3230 1162 3286 αὐτοῦ
1181 3233 1306 3304 περὶτῶν

181 3319 276 3373 λοιπῶν
294 3319 414 3391 λε’γοντος
432 3319 586 3390 ἀνθρώπων·
606 3320 619 3373 ό
639 3320 766 3391 ἀγαπῶν
785 3339 820 3390 με
838 3321 891 3373 τόν
909 3316 1002 3391 λόγον
1021 3339 1078 3390 μοο
1100 3318 1239 3392 τηρήσει
1256 3320 1307 3374 καί

183 3405 196 3459 ό
220 3407 324 3479 πατήρ
348 3426 405 3479 μου
429 3405 592 3480 ἀγαπήσει
616 3409 712 3462 αὐτόν
736 3409 788 3461 καί
811 3410 888 3480 πρὸς
913 3408 1006 3462 αὐτόν
1030 3404 1234 3480 ἐλευσόμεθα
1255 3408 1308 3462 ιιαί

182 3497 284 3569 μονὴν
307 3495 374 3565 παρ’
399 3496 482 3570 αὐτῷ
506 3497 688 3569 ποιήσομεν·
713 3497 734 3550 εἰ
755 3499 803 3569 γὰρ
826 3496 885 3568 παρ’
910 3497 1009 3567 ἑκάστῳ
1032 3504 1083 3550 τῶν
1105 3496 1228 3552 τοιούτων
1246 3496 1261 3550 ό
1278 3517 1304 3550 τε

182 3587 267 3656 πατὴρ
278 3584 329 3637 ‘sut
348 3585 361 3637 ό
380 3584 433 3648 υἱός
451 3586 499 3657 τὴν
517 3587 597 3658 μονὴν
616 3594 753 3652 ποιοῦνται,
772 3586 795 3640 τί
812 3587 972 3657 θαυμαστόν,
993 3584 1014 3637 εὶ
1033 3584 1059 3637 ἐν
1077 3588 1114 3658 τῷ
1138 3586 1206 3637 κατὰ
1224 3585 1306 3656 σοὶριια

184 3672 294 3744 δεσπότῃ
312 3673 415 3746 Χριστῷ
439 3671 516 3746 ἄμφω
543 3678 599 3727 κατ’
626 3674 710 3728 αὐτῶν
733 3674 858 3748 νομίζοιτο
883 3675 945 3745 (leg.
972 3673 1123 3746 νομίζοιντο)
1148 3673 1232 3744 μένειν
1259 3680 1312 3750 τῆς.

183 3761 249 3812 κατὰ
275 3762 322 3832 τὴν
349 3761 436 3815 οὐσίαν
463 3760 597 3824 κοινωνίας
624 3762 792 3834 προσιεμένης
820 3761 856 3824 ὡς
885 3759 951 3826 εἰκὸς
978 3761 1022 3814 ιιαλ
1046 3762 1094 3832 τὴν
1120 3769 1169 3833 τῆς
1193 3768 1305 3832 μετοχῆς

184 3848 332 3915 ιιοινιονίανς
387 3851 403 3903 5
423 3865 481 3918 sqq.
501 3849 532 3903 cf.
550 3849 606 3903 leh.
628 3851 675 3912 14‚-
690 3850 722 3903 10
777 3851 807 3904 11
827 3849 884 3903 Ioh.
906 3850 947 3917 14,
965 3851 999 3904 23

219 3975 235 4027 5
255 3990 304 4044 ege
324 3974 430 4043 quidem
447 4016 452 4028 .
468 4015 474 4028 .
492 3975 523 4029 13
541 3973 669 4028 faciemus
688 3973 779 4042 adfert
795 3975 924 4044 Pelaqiue
942 3974 959 4028 l.
978 3991 1000 4029 ο.
1022 3978 1080 4029 442
1166 3975 1196 4028 1-1
1217 3974 1305 4028 obser·

185 4061 263 4117 uehit
278 4063 348 4119 Bar.
412 4064 444 4116 12
464 4063 560 4132 diliget
577 4063 685 4132 Pelaq..·
703 4062 794 4134 diligit
817 4062 867 4116 Vc
923 4063 1106 4119 1410minen
1131 4063 1306 4117 notiomi-

186 4150 306 4223 1111in?
359 4151 391 4205 16
410 4150 573 4216 substantias
598 4150 623 4204 V
675 4153 706 4209 11
726 4149 965 4220 suscipientemt'
