2904 4672
172 213 235 279 244
440 203 536 281 vigilii
553 211 728 264 constitutum
748 209 780 263 de
799 204 884 263 tribu's
903 210 1026 280 capitulis

120 403 159 464 51
602 407 761 480 Capitulum
784 408 863 466 VIII.

214 533 287 602 Hoc,
312 533 387 605 quod
410 533 476 589 ante
499 531 614 590 saecula
637 535 706 602 erat,
731 532 801 590 dicit
823 532 852 590 in
876 531 982 590 ultimis
1005 532 1114 590 factum
1138 550 1204 590 esse
1227 535 1291 591 tem·

171 621 287 693 poribus
314 623 424 694 (utpote
452 620 620 694 quibusdam
647 620 701 678 hoc
730 620 939 691 confitentibus,
969 637 1031 678 cum
1058 637 1143 680 nemo
1176 639 1212 679 ex
1239 620 1291 690 his,

172 709 219 782 qui
242 709 357 783 pietatis
369 726 468 769 ‚curam
488 709 605 779 habent,
624 708 710 767 istum
727 709 835 783 patitur
851 710 979 768 morbum
997 709 1104 769 babere
1124 705 1292 781 dementiae,

171 800 204 855 ut
226 799 302 857 dicat
325 816 398 869 eum,
423 797 470 872 qui
493 800 560 856 ante
584 798 697 856 saecula
720 802 772 868 est,
796 799 825 856 in
848 797 956 857 ultimis
979 797 1084 856 factum
1110 800 1186 869 esse)
1207 798 1294 857 ethis
1317 797 1328 839 ὑ

171 886 267 957 infert,
292 888 368 961 qnod
390 905 505 946 necesse
530 889 574 944 est
596 889 625 944 et
646 887 710 956 boc,
736 889 809 960 quod
833 887 862 944 in
885 887 992 945 ultimis
1016 890 1068 958 est,
1093 889 1161 944 ante
1183 887 1295 946 saecula
1328 917 1331 925 ⁴

173 993 244 1044 esse,
264 978 293 1033 et
310 979 426 1034 accusat
444 992 502 1045 eos,
523 976 571 1050 qni
590 992 646 1035 non
666 976 761 1034 omnia
779 975 908 1034 similiter
922 992 984 1034 cum
1000 976 1171 1035 obuersione
1187 977 1294 1046 dicunt,

173 1064 254 1137 quasi
272 1063 327 1135 his,
348 1065 396 1139 qui
414 1082 500 1123 unum
520 1065 688 1122 essentium
707 1065 884 1136 confitentur,
903 1065 1102 1122 necessitatem
1122 1065 1296 1124 habentibus

121 1143 162 1206 52
173 1170 236 1211 cum
264 1153 431 1212 obuersione
461 1154 555 1212 omnia
584 1153 686 1212 dicere.
755 1157 783 1211 et
810 1154 873 1226 quis
905 1170 963 1212 non
994 1153 1141 1212 beatificet
1171 1157 1296 1213 uestram

173 1241 363 1301 dementiam?
387 1243 450 1316 quis
474 1246 565 1301 eutem
589 1260 647 1301 uon
670 1244 750 1316 optet
771 1242 843 1300 tales
865 1243 1015 1316 impetrare
1035 1241 1167 1301 doctores
1186 1246 1297 1302 tantam
1312 1253 1333 1292 ¹⁰

173 1330 364 1391 confusionem
392 1331 497 1390 rationi
524 1331 640 1406 pietatis
667 1331 888 1401 introducentes,
911 1335 944 1389 ut
966 1331 1093 1389 dicerent
1120 1327 1197 1402 ‘hoc,
1223 1331 1298 1407 quod

173 1421 238 1477 ante
262 1421 375 1479 saecula
398 1423 450 1490 est,
473 1420 578 1479 factum
603 1424 646 1478 est
667 1419 696 1477 in
720 1416 838 1478 ultimis‘
861 1423 889 1477 et
910 1420 963 1478 hoc
986 1419 1146 1478 alienarent
1169 1438 1225 1479 sua
1248 1438 1298 1479 na·

173 1511 238 1566 tura
267 1512 295 1566 et
322 1508 358 1567 ad
387 1509 511 1568 deterius
539 1510 720 1579 deducerent,
751 1508 853 1566 deinde
877 1510 1056 1567 obuerterent
1079 1510 1156 1581 quod
1181 1515 1212 1567 et
1234 1509 1298 1580 boc,

174 1597 250 1670 quod
279 1597 322 1655 ὑεῖ
349 1598 377 1654 in
406 1598 523 1668 ultimis,
547 1601 613 1655 ante
637 1597 750 1656 saecula
774 1600 826 1665 est,
851 1614 913 1656 cum
937 1600 1081 1670 oporteret
1102 1597 1176 1655 forte
1204 1598 1299 1656 dicere

174 1686 258 1758 quod,
289 1687 336 1759 qui
365 1690 431 1744 ante
459 1688 572 1745 saecula
596 1689 665 1754 erat,
690 1686 848 1760 adsumpsit
869 1688 954 1758 hunc,
979 1685 1027 1760 qui
1050 1686 1080 1743 iu
1103 1685 1214 1745 ultimis
1240 1689 1299 1745 erat
1315 1693 1338 1734 ¹⁵

121 1764 162 1828 53
175 1775 328 1833 secundum
359 1776 435 1834 beati
457 1775 540 1835 Pauli
562 1779 682 1834 uocem?
748 1778 859 1833 uestras
882 1775 969 1848 igitur
990 1775 1068 1848 leges
1091 1779 1249 1849 sequentes
1272 1782 1300 1834 et

173 1880 190 1921 a
211 1865 262 1920 tua
285 1864 425 1937 sapientia
449 1865 632 1923 constitutam
652 1864 847 1923 obuersionem
867 1864 952 1922 immo
970 1863 1061 1937 magis
1081 1865 1299 1923 subuersionem

173 1951 361 2026 suscipientes
389 1970 442 2027 age
470 1954 564 2012 omnia
591 1953 675 2011 simul
702 1953 907 2011 confundamus
935 1955 964 2010 et
990 1952 1069 2010 nulla
1095 1952 1150 2010 iam
1175 1953 1216 2011 sit
1240 1953 1299 2012 dis-

174 2041 260 2100 cretio
288 2058 340 2100 nec
368 2042 414 2100 dei
439 2041 547 2100 formae
576 2058 628 2100 nec
655 2041 729 2099 serui
757 2041 873 2110 formae,
903 2058 956 2099 nec
983 2041 1080 2113 templi
1108 2040 1217 2114 sumpti
1246 2059 1298 2100 nec

174 2129 233 2187 eius
262 2131 310 2203 qui
340 2130 370 2188 in
396 2130 500 2204 templo
531 2130 685 2199 habitauit,
713 2147 766 2188 nec
793 2131 853 2187 eius
882 2130 929 2202 qui
957 2129 1066 2187 s'olutus
1089 2133 1134 2187 ost
1157 2148 1211 2188 nec
1237 2130 1297 2190 eius
1316 2144 1339 2182 ιθ

174 2218 222 2290 qui
248 2218 406 2289 suscitauit,
434 2236 487 2277 nec
515 2219 574 2276 eius
598 2220 646 2293 qui
668 2219 810 2292 perlectus
834 2221 878 2276 est
899 2218 928 2275 in
951 2218 1132 2290 passionibus
1156 2235 1211 2277 uec
1237 2220 1297 2278 eius

261 2404 273 2456 1
294 2401 357 2472 (lap.
380 2403 445 2456 VIII
464 2429 496 2449 =
514 2406 573 2458 Act.
598 2404 660 2473 Syn.
679 2404 695 2457 8
714 2403 862 2474 (‘Eiosdem
889 2402 1025 2456 Theodori
1049 2418 1082 2454 esc
1104 2408 1203 2469 quarto
1229 2403 1299 2458 labro

174 2497 269 2545 contra
280 2492 391 2559 impium
404 2491 616 2559 Apollinarium*
635 2491 668 2559 O)
677 2511 687 2558 ;
700 2489 802 2545 Graeca
819 2491 938 2544 seruauit
950 2490 1078 2544 Leontius
1097 2491 1181 2544 2-5:
1200 2490 1233 2544 Ὀ
1252 2492 1300 2561 πρὸ

175 2576 274 2630 αἰώνων
283 2578 384 2649 γέγονεν
399 2576 438 2653 ὑφ’
452 2577 576 2649 ἐσχάτων,
591 2578 665 2632 πάλιν
675 2578 711 2642 ώς
726 2585 800 2632 τινῶν
815 2577 963 2631 δεδωκότων
974 2579 1009 2645 (l)
1020 2578 1063 2629 καλ
1076 2586 1150 2632 τοῦτο
1160 2578 1299 2648 λεγόντων,

174 2665 277 2729 οὑδενδς
287 2673 337 2719 τῶν
348 2665 459 2734 εὐσεβεῖν
469 2666 662 2720 ἐσπουδακότων
672 2664 767 2737 ταύτην
777 2666 904 2738 ἑλομένων
916 2665 1117 2737 (1οςὺλομὲνοο)
1129 2673 1243 2737 νοσῆσαι
1252 2667 1301 2737 τὴν

175 2752 269 2819 ἄνοιαν,
280 2754 345 2807 ὥστε
359 2754 402 2806 τὸν
416 2754 463 2826 πρὸ
478 2752 577 2806 αἰώνων
592 2752 667 2806 εἰπεῖν
678 2749 841 2825 ἐπ’ὲσχότων
851 2756 1007 2825 γεγενῆσθαι
1017 2754 1123 2823 (Script.
1132 2757 1216 2808 noter.
1227 2771 1300 2809 noua

174 2845 233 2899 coll.
256 2843 294 2898 VI
319 2843 378 2905 310,
397 2843 441 2910 32)
469 2845 496 2895 ct
520 2845 551 2896 16
575 2859 657 2912 usque
676 2843 807 2896 adfinem
827 2840 924 2894 Οὐκοῦν
948 2848 1000 2903 τοῖς
1025 2841 1154 2912 ὑμετέροις
1178 2839 1302 2913 ἑπόμενοι

173 2931 260 3003 νόμοις
283 2930 326 2982 καλΙ
347 2931 394 3001 τὴν
413 2929 460 2983 ὑτιδ
479 2938 527 3003 τῆς
545 2937 594 3001 σῆς
613 2929 743 3000 ἀγχινοίας
762 2930 983 3001 νομοθετοῦμένην
1003 2928 1181 3000 ἀντιστροφὴν,
1200 2927 1308 2998 μᾶλλον·

175 3023 201 3074 δὲ
219 3019 397 3091 καταστροφὴν
416 3016 548 3090 δεξάμεναι
565 3017 625 3089 φέρε
644 3018 676 3090 δὴ
695 3017 777 3071 πάντα
795 3016 830 3080 εἰς
850 3017 925 3072 αὑτὸν
944 3005 1008 3087 (leg.
1027 3015 1129 3082 ταὺτὸν)
1149 3034 1302 3088 σογχεωμεν

173 3109 217 3162 καῖ
234 3105 449 3178 μηδεμίαλοιτδν
467 3106 533 3161 ἐ’στοι
552 3105 682 3179 διάκρισις,
700 3106 736 3178 pb
758 3107 823 3158 θεοῦ
846 3112 948 3178 μορφῆς
966 3106 1002 3177 pb
1022 3103 1112 3157 δοὺλοο
1131 3111 1244 3176 μορφῆς,
1263 3103 1299 3177 pb

174 3202 236 3247 ναοῦ
259 3193 405 3266 ληφθέντος
427 3194 463 3266 pb
486 3201 531 3248 τοῦ
556 3193 713 3258 ἐνοικοῦντος
738 3193 765 3246 ἒν
787 3213 823 3265 τερ
847 3196 908 3267 ναῷ,
933 3193 969 3265 pb
992 3199 1036 3247 τοῦ
1055 3191 1179 3252 λοὺέντος
1198 3191 1235 3261 pb
1254 3195 1301 3242 τοῦ

174 3281 323 3355 ἐγείραντος,
333 3281 370 3352 pb
381 3288 426 3334 τοῦ
439 3279 620 3356 τελειωθέντας
633 3281 659 3334 ἐν
672 3268 767 3334 πάὺεάι
780 3282 816 3354 pb
830 3287 874 3333 τοῦ
886 3279 1078 3341 τελειώσαντος,
1092 3279 1128 3349 pb
1142 3283 1187 3328 τοῦ
1202 3295 1301 3348 μνημο.

174 3369 309 3432 leonto-10<
329 3370 365 3440 pb
386 3375 430 3422 τοῦ
447 3369 679 3441 μνημονεύσαντες,
701 3370 736 3441 pb
760 3377 805 3422 τοῦ
828 3367 1025 3438 ἔπισκεφὺῖντος
1046 3366 1083 3438 pb
1101 3370 1146 3418 τοῦ
1164 3363 1299 3433 ἐπισκεψα-

174 3456 258 3525 μόνοο,
277 3457 312 3527 μὴ
332 3463 375 3509 τοῦ
395 3455 477 3528 βραχὺ
495 3475 518 3508 τι
540 3450 604 3525 παρ’4
623 3455 744 3528 ἁρρέλοος
767 3455 948 3527 ἠλαττωμένοο
971 3454 1006 3525 pb
1030 3458 1075 3504 τοῦ
1098 3449 1301 3514 ἐλαττώσαντος,

174 3543 210 3612 pb
231 3531 279 3595 Ιτοῦ
299 3543 360 3614 δόξῃ
378 3544 422 3596 καὶ
438 3550 497 3615 τιμῇ
517 3543 726 3615 ἐστεφανωμένου
745 3545 780 3615 pb
800 3552 843 3596 τοῦ
863 3541 1083 3614 στεφανώσαντας,
1101 3541 1138 3610 pb
1156 3545 1203 3589 τοῦ
1220 3555 1299 3590 κατα-

176 3628 281 3690 στάντος
301 3627 341 3680 ἐτῖ
357 3631 390 3683 τὰ
407 3626 470 3700 ’ἔργα
487 3637 537 3682 τών
556 3635 648 3701 χειρῶν
660 3637 722 3690 <τοῦ
739 3630 803 3681 θεοῦ
822 3630 857 3700 pb
876 3629 952 3689 edd>
965 3634 1009 3680 τοῦ
1028 3625 1246 3697 καταστήσαντος,
1263 3625 1298 3696 pb

175 3706 218 3766 τοῦ
237 3714 361 3784 λαβόντος
381 3717 445 3770 αὑτὰ
462 3717 489 3770 δν
509 3718 622 3790 ὑποταγῇ
641 3719 677 3789 pb
696 3724 740 3770 τοῦ
759 3716 890 3779 δώσαντος
908 3717 955 3786 τὴν
975 3713 1102 3785 ὑποταγὴν
1121 3712 1196 3784 (ibid.
1212 3712 1264 3781 33).

209 3838 315 3890 desset
338 3837 376 3887 V.
413 3841 555 3894 tcausam
577 3840 603 3894 V
674 3839 801 3895 habetO
866 3839 943 3893 dhis
966 3835 1078 3891 V0²c³:
1097 3837 1124 3889 iu
1143 3835 1186 3889 bis
1208 3836 1250 3901 0¹,
1269 3853 1300 3890 ex

174 3924 216 3977 his
234 3926 301 3979 Bar.
370 3928 498 3982 lacusat
520 3929 551 3994 V,
570 3933 679 3983 occusat
700 3928 732 3983 0¹
795 3927 987 3982 oobuersione
1011 3925 1037 3979 V
1104 3924 1206 3978 diceret
1225 3923 1300 3978 etV

174 4012 311 4067 beatificat
333 4015 359 4068 V
415 4016 448 4070 lo
466 4017 619 4086 oportetV
677 4018 710 4072 14
728 4017 814 4070 dicere
833 4033 865 4070 ac
883 4015 983 4070 diceret
1001 4013 1119 4068 συκαῖ)
1176 4013 1209 4065 15
1229 4012 1298 4082 quod

176 4103 220 4172 qui
243 4103 278 4157 0:
297 4103 367 4172 quod
387 4096 450 4173 quia
473 4103 498 4156 V
