2904 4672
175 242 240 305 254
442 236 534 307 Uigilii
553 237 728 291 constitutum
747 237 778 290 de
796 237 881 291 tribus
900 236 1023 307 capitulis

175 438 240 495 dum
269 436 507 510 comparationem
533 435 667 495 Iudaicae
694 434 864 507 adoptionis
894 433 960 507 qnia
987 437 1015 492 et
1041 436 1077 492 ad
1099 435 1165 493 illos
1188 436 1289 495 dictum

176 529 252 583 orat:
277 535 342 598 ago
366 525 441 582 dini
463 522 526 583 ‘dii
545 523 638 584 estis
657 522 788 581 attilii
807 522 949 581 excelsi
974 520 1104 582 omnes’
1123 526 1167 582 et:
1187 524 1289 584 filios

175 614 287 686 genui
314 616 349 671 et
378 614 562 684 exaltari,
587 613 647 671 eius
671 611 831 685 adoptionis
853 611 1035 685 praecipuum
1059 629 1102 682 eo,
1127 614 1205 685 quod
1227 613 1291 672 dixit

122 692 341 761 89dilcctus
369 705 397 760 et
420 701 455 760 in
480 719 547 776 quo
571 701 658 759 mihi
682 700 924 775 complacuit,
949 702 1111 759 ostendens.
1179 704 1291 776 propter

174 792 228 851 hoc
252 795 280 849 et
306 809 361 850 uon
383 791 471 864 patris
493 792 580 849 fiebat
602 789 781 864 adoptionem
800 790 968 848 confirmans
987 794 1015 848 et
1032 789 1082 847 filii
1100 790 1291 850 nominatione
1315 797 1324 836 ⁵

175 898 226 954 per
248 880 428 953 adoptionem
451 882 607 939 secundum
629 878 750 953 gratiam
768 896 841 949 eum,
862 878 909 953 qui
928 896 994 936 uere
1011 879 1086 936 filius
1105 881 1158 949 est,
1179 880 1291 938 demon·

122 1044 123 1047 Ἴ
176 970 300 1027 sttrabat
330 969 409 1027 cuius
437 969 570 1028 coniunct
571 969 598 1028 io
558 969 662 1027 tad
689 985 785 1026 ueram
808 969 837 1025 et
858 967 966 1025 firmam
997 967 1178 1040 adoptionem
1211 969 1292 1026 istum

177 1057 427 1116 constituebatet
399 1058 538 1131 etspirit
539 1075 572 1116 ns
603 1059 720 1116 sanctus
751 1057 780 1113 ιιι
812 1056 906 1129 specie
938 1057 1083 1115 columbae
1120 1057 1293 1116 descendens

175 1146 331 1220 permansit
356 1163 441 1219 super
467 1145 760 1220 eum,quatenus1n
784 1144 981 1203 coniunctione
1004 1145 1039 1202 ad
1062 1162 1135 1215 euru,
1160 1145 1210 1219 qui
1232 1163 1293 1204 uere

175 1235 250 1293 tilius
265 1237 317 1304 est,
338 1234 398 1293 eius
417 1235 615 1308 cooperatione
634 1236 730 1293 tantus
748 1239 862 1292 maneat
849 1234 986 1292 tfirmam
1007 1233 1171 1307 adoptionis
1186 1234 1293 1293 habens
1308 1240 1328 1281 1⁰

176 1323 354 1397 dignitatemc
378 1341 429 1396 per
451 1323 544 1383 omnia
567 1327 670 1394 autem,
694 1323 723 1380 in
747 1339 802 1397 quo
826 1323 915 1395 primo
940 1322 1099 1395 adoptionis
1122 1322 1294 1396 praeforma-

176 1413 261 1471 batur
286 1412 437 1484 baptisma,
467 1413 529 1472 dico
558 1416 651 1471 autem
680 1411 787 1471 domini
815 1411 918 1470 Christi
947 1429 979 1469 ex
1007 1413 1086 1484 patre
1119 1415 1148 1469 et
1178 1411 1238 1471 filio
1270 1414 1296 1470 et·

177 1501 277 1574 spiritu
300 1503 409 1572 sancto,
433 1501 487 1560 hoc
511 1503 587 1575 quod
609 1501 696 1558 debat
718 1501 920 1573 complebatur.

123 1633 167 1695 90
219 1637 255 1700 In
290 1657 382 1720 supra
407 1637 523 1720 scripto
555 1659 634 1704 nono
668 1637 786 1702 decimo
819 1637 965 1718 capitulo.
1007 1636 1060 1700 ubi
1101 1637 1296 1719 euangelium

177 1743 348 1808 secundum
374 1745 491 1808 Lucam
519 1745 556 1808 de
584 1745 737 1827 baptismo
766 1742 881 1808 Christi
915 1742 1038 1806 uidetur
1067 1743 1187 1824 erponi,
1222 1742 1296 1807 duae
1311 1765 1331 1804 n

177 1850 252 1913 sunt
266 1849 533 1930 reprehensiones:
554 1867 624 1925 una,
644 1849 717 1930 quia
735 1848 869 1912 dualitas
887 1847 1045 1913 inducitur
1061 1846 1208 1924 filiorum,
1230 1867 1296 1912 oum

178 1973 233 2037 per
260 1955 455 2036 adoptionem
483 1954 607 2019 uidetur·
630 1954 691 2018 dici
715 1953 858 2018 Christus
881 1953 963 2017 filius
988 1954 1052 2028 dei;
1077 1955 1147 2031 alia,
1172 1954 1247 2036 quia
1268 1955 1295 2017 in

180 2061 302 2125 nomine
329 2059 477 2124 trinitatis
505 2060 572 2141 ipse
600 2080 721 2143 quoque
749 2060 898 2124 asseritur
924 2059 1110 2142 baptizatur,
1138 2078 1194 2143 per
1218 2057 1296 2141 quod

154 2246 158 2256 ι
181 2166 369 2247 quaternitas
397 2167 462 2230 sine
490 2166 681 2232 dubitatione
708 2168 905 2231 monstratur.
936 2167 963 2229 si
995 2166 1064 2247 quis
1095 2165 1193 2249 igitur
1224 2165 1295 2229 haer·

179 2272 225 2336 ita
247 2273 329 2354 sapit
352 2272 441 2337 docet
463 2273 560 2337 credit
582 2277 637 2337 aut
658 2272 824 2356 praedicat,
848 2273 1010 2336 anathema
1033 2272 1083 2336 sit.
1310 2294 1329 2334 n

266 2497 281 2548 2
301 2496 397 2550 Psalm.
417 2495 459 2559 81,
478 2495 494 2548 6
565 2496 635 2550 Esai.
658 2498 679 2561 1,
699 2498 715 2549 2
768 2498 785 2549 4
803 2497 865 2550 Luc.
885 2497 910 2562 3,
928 2495 962 2548 22

214 2637 230 2689 5
248 2636 454 2691 nominationem
478 2636 504 2689 V
556 2636 588 2690 10
607 2638 793 2706 cooperatione
814 2636 1009 2705 (cooperatione
1027 2651 1083 2690 rao.
1103 2651 1135 2688 coc
1154 2634 1294 2705 cooperati·

179 2733 231 2777 oue
254 2724 284 2788 V,
303 2725 515 2794 cooperationem
537 2723 570 2778 0²
591 2730 616 2778 et
638 2731 701 2779 teste
718 2724 835 2778 Boluar'o
856 2723 901 2790 0³)
921 2727 1012 2777 tentus
1035 2722 1096 2777 VO:
1118 2720 1295 2792 cooperationi

179 2813 300 2868 intentuo
324 2812 431 2877 Suriae,
448 2812 536 2881 sclao,
559 2829 618 2867 cam
639 2814 671 2867 id
686 2813 805 2868 uoluerit
826 2812 994 2866 Theodorus:
1019 2812 1130 2882 spirituo
1149 2814 1293 2866 sanctus..

181 2901 326 2970 permansit
348 2898 427 2970 'super
449 2917 517 2967 euin,
540 2905 570 2954 ut
592 2901 619 2954 in
643 2900 827 2955 coniunctione
854 2900 937 2968 patris
960 2900 1140 2968 inquinare
1162 2899 1233 2952 filius
1251 2900 1293 2951 est.

180 2988 238 3041 eius
266 2992 310 3057 (sc
334 2989 456 3057 spirituo)
484 2989 669 3058 cooperatione
692 2992 783 3043 tentus
805 2990 913 3042 maneat
1007 2989 1036 3041 11
1061 2986 1235 3057 prefonnatur
1259 2983 1293 3039 0¹.

179 3076 349 3152 preforbaur
369 3076 409 3141 0²,
428 3077 639 3182 performabatur
662 3077 687 3129 V
730 3077 763 3131 14
781 3077 920 3146 euangelio
940 3076 969 3139 V,
989 3093 1058 3132 corn
1077 3079 1103 3126 02
1149 3076 1182 3129 16
1200 3072 1292 3145 quaV,

182 3207 249 3246 corn
268 3192 337 3246 Bor·
393 3194 423 3246 17
443 3148 538 3246 uidetur
560 3193 585 3246 V
