<?xml version="1.0" encoding="UTF-8"?>
<!DOCTYPE html PUBLIC "-//W3C//DTD XHTML 1.0 Transitional//EN"
    "http://www.w3.org/TR/xhtml1/DTD/xhtml1-transitional.dtd">
<html xmlns="http://www.w3.org/1999/xhtml" xml:lang="en" lang="en">
 <head>
  <title>
</title>
<meta http-equiv="Content-Type" content="text/html;charset=utf-8" />
  <meta name='ocr-system' content='tesseract 3.04.00' />
  <meta name='ocr-capabilities' content='ocr_page ocr_carea ocr_par ocr_line ocrx_word'/>
</head>
<body>
  <div class='ocr_page' id='page_1' title='image "./epistulaeimpera01gngoog_0171.png"; bbox 0 0 2904 4672; ppageno 0'>
   <div class='ocr_carea' id='block_1_1' title="bbox 165 237 1143 310">
    <p class='ocr_par' dir='ltr' id='par_1_1' title="bbox 165 237 1143 310">
     <span class='ocr_line' id='line_1_1' title="bbox 165 237 1143 310; baseline 0 -16"><span class='ocrx_word' id='word_1_1' title='bbox 165 243 206 306; x_wconf 77' lang='grc'>66</span> <span class='ocrx_word' id='word_1_2' title='bbox 309 240 350 292; x_wconf 90' lang='lat' dir='ltr'>De</span> <span class='ocrx_word' id='word_1_3' title='bbox 368 239 410 292; x_wconf 88' lang='lat' dir='ltr'>his</span> <span class='ocrx_word' id='word_1_4' title='bbox 429 256 496 308; x_wconf 87' lang='lat' dir='ltr'>quus</span> <span class='ocrx_word' id='word_1_5' title='bbox 514 240 585 292; x_wconf 86' lang='lat' dir='ltr'>inter</span> <span class='ocrx_word' id='word_1_6' title='bbox 602 237 766 294; x_wconf 69' lang='lat' dir='ltr'><strong>Bonifatium</strong></span> <span class='ocrx_word' id='word_1_7' title='bbox 784 243 813 294; x_wconf 87' lang='lat' dir='ltr'>et</span> <span class='ocrx_word' id='word_1_8' title='bbox 830 240 964 294; x_wconf 81' lang='lat' dir='ltr'>Eulalium</span> <span class='ocrx_word' id='word_1_9' title='bbox 983 242 1061 310; x_wconf 75' lang='lat' dir='ltr'>gesta</span> <span class='ocrx_word' id='word_1_10' title='bbox 1079 244 1143 294; x_wconf 89' lang='lat' dir='ltr'>suut</span> 
     </span>
    </p>
   </div>
   <div class='ocr_carea' id='block_1_2' title="bbox 120 432 1330 1993">
    <p class='ocr_par' dir='ltr' id='par_1_2' title="bbox 120 432 1330 1993">
     <span class='ocr_line' id='line_1_2' title="bbox 164 432 1287 518; baseline 0.002 -18"><span class='ocrx_word' id='word_1_11' title='bbox 164 436 218 518; x_wconf 91' lang='lat' dir='ltr'>qui</span> <span class='ocrx_word' id='word_1_12' title='bbox 241 437 381 499; x_wconf 75' lang='lat' dir='ltr'><strong>auctores</strong></span> <span class='ocrx_word' id='word_1_13' title='bbox 403 432 568 515; x_wconf 87' lang='lat' dir='ltr'>utriusque</span> <span class='ocrx_word' id='word_1_14' title='bbox 593 433 794 498; x_wconf 77' lang='lat' dir='ltr'>ordinationis</span> <span class='ocrx_word' id='word_1_15' title='bbox 818 434 962 511; x_wconf 79' lang='lat' dir='ltr'>existunt,</span> <span class='ocrx_word' id='word_1_16' title='bbox 981 438 1018 499; x_wconf 94' lang='lat' dir='ltr'>ut</span> <span class='ocrx_word' id='word_1_17' title='bbox 1041 438 1146 500; x_wconf 84' lang='lat' dir='ltr'>amota</span> <span class='ocrx_word' id='word_1_18' title='bbox 1164 455 1287 502; x_wconf 81' lang='lat' dir='ltr'>excusa·</span> 
     </span>
     <span class='ocr_line' id='line_1_3' title="bbox 164 537 1288 624; baseline 0 -18"><span class='ocrx_word' id='word_1_19' title='bbox 164 542 248 606; x_wconf 90' lang='lat' dir='ltr'>tione</span> <span class='ocrx_word' id='word_1_20' title='bbox 276 559 335 604; x_wconf 90' lang='lat' dir='ltr'>non</span> <span class='ocrx_word' id='word_1_21' title='bbox 364 537 476 615; x_wconf 81' lang='lat' dir='ltr'>desint,</span> <span class='ocrx_word' id='word_1_22' title='bbox 504 539 649 603; x_wconf 80' lang='lat' dir='ltr'>utiocto</span> <span class='ocrx_word' id='word_1_23' title='bbox 682 539 814 621; x_wconf 86' lang='lat' dir='ltr'>quisquc</span> <span class='ocrx_word' id='word_1_24' title='bbox 846 557 919 623; x_wconf 83' lang='lat' dir='ltr'>erga</span> <span class='ocrx_word' id='word_1_25' title='bbox 950 540 1135 604; x_wconf 89' lang='lat' dir='ltr'>alterutrum</span> <span class='ocrx_word' id='word_1_26' title='bbox 1166 541 1288 624; x_wconf 83' lang='lat' dir='ltr'>proprio</span> 
     </span>
     <span class='ocr_line' id='line_1_4' title="bbox 164 643 1289 729; baseline 0 -19"><span class='ocrx_word' id='word_1_27' title='bbox 164 646 294 729; x_wconf 89' lang='lat' dir='ltr'>prolatis</span> <span class='ocrx_word' id='word_1_28' title='bbox 327 643 556 710; x_wconf 87' lang='lat' dir='ltr'>ecclesiasticae</span> <span class='ocrx_word' id='word_1_29' title='bbox 586 644 793 709; x_wconf 89' lang='lat' dir='ltr'>institutionis</span> <span class='ocrx_word' id='word_1_30' title='bbox 826 645 974 726; x_wconf 84' lang='lat' dir='ltr'>exemplis</span> <span class='ocrx_word' id='word_1_31' title='bbox 1006 645 1149 710; x_wconf 81' lang='lat' dir='ltr'>defensor</span> <span class='ocrx_word' id='word_1_32' title='bbox 1179 646 1289 712; x_wconf 79' lang='lat' dir='ltr'>existat</span> 
     </span>
     <span class='ocr_line' id='line_1_5' title="bbox 165 749 1287 835; baseline 0.002 -19"><span class='ocrx_word' id='word_1_33' title='bbox 165 770 260 834; x_wconf 87' lang='lat' dir='ltr'>seque</span> <span class='ocrx_word' id='word_1_34' title='bbox 291 753 424 834; x_wconf 84' lang='lat' dir='ltr'>purgato</span> <span class='ocrx_word' id='word_1_35' title='bbox 457 749 554 813; x_wconf 85' lang='lat' dir='ltr'>alium</span> <span class='ocrx_word' id='word_1_36' title='bbox 585 749 686 834; x_wconf 81' lang='lat' dir='ltr'>magIs</span> <span class='ocrx_word' id='word_1_37' title='bbox 718 751 749 813; x_wconf 91' lang='lat' dir='ltr'>iu</span> <span class='ocrx_word' id='word_1_38' title='bbox 781 751 884 835; x_wconf 86' lang='lat' dir='ltr'>legem</span> <span class='ocrx_word' id='word_1_39' title='bbox 911 750 1096 822; x_wconf 78' lang='lat' dir='ltr'>catholicam</span> <span class='ocrx_word' id='word_1_40' title='bbox 1119 751 1287 835; x_wconf 89' lang='lat' dir='ltr'>deliquisse</span> 
     </span>
     <span class='ocr_line' id='line_1_6' title="bbox 164 848 1329 941; baseline 0.001 -20"><span class='ocrx_word' id='word_1_41' title='bbox 164 859 363 941; x_wconf 89' lang='lat' dir='ltr'>praesumpta</span> <span class='ocrx_word' id='word_1_42' title='bbox 393 855 530 920; x_wconf 82' lang='lat' dir='ltr'>inmeriti</span> <span class='ocrx_word' id='word_1_43' title='bbox 562 855 711 920; x_wconf 91' lang='lat' dir='ltr'>electione</span> <span class='ocrx_word' id='word_1_44' title='bbox 743 848 920 921; x_wconf 87' lang='lat' dir='ltr'>connincst:</span> <span class='ocrx_word' id='word_1_45' title='bbox 951 856 1102 921; x_wconf 89' lang='lat' dir='ltr'>iudicium</span> <span class='ocrx_word' id='word_1_46' title='bbox 1135 856 1172 922; x_wconf 91' lang='lat' dir='ltr'>de</span> <span class='ocrx_word' id='word_1_47' title='bbox 1204 862 1287 922; x_wconf 90' lang='lat' dir='ltr'>statu</span> <span class='ocrx_word' id='word_1_48' title='bbox 1317 885 1329 922; x_wconf 75' lang='lat' dir='ltr'>s</span> 
     </span>
     <span class='ocr_line' id='line_1_7' title="bbox 164 960 1287 1046; baseline 0 -20"><span class='ocrx_word' id='word_1_49' title='bbox 164 982 220 1027; x_wconf 91' lang='lat' dir='ltr'>suc</span> <span class='ocrx_word' id='word_1_50' title='bbox 253 962 396 1045; x_wconf 88' lang='lat' dir='ltr'>quisque,</span> <span class='ocrx_word' id='word_1_51' title='bbox 424 960 451 1025; x_wconf 89' lang='lat' dir='ltr'>si</span> <span class='ocrx_word' id='word_1_52' title='bbox 484 960 592 1024; x_wconf 84' lang='lat' dir='ltr'>adesse</span> <span class='ocrx_word' id='word_1_53' title='bbox 623 961 803 1046; x_wconf 81' lang='lat' dir='ltr'>neglexerit,</span> <span class='ocrx_word' id='word_1_54' title='bbox 833 962 1011 1038; x_wconf 88' lang='lat' dir='ltr'>sortiturus,</span> <span class='ocrx_word' id='word_1_55' title='bbox 1040 962 1115 1026; x_wconf 86' lang='lat' dir='ltr'>dans</span> <span class='ocrx_word' id='word_1_56' title='bbox 1143 961 1287 1027; x_wconf 89' lang='lat' dir='ltr'>nimirum</span> 
     </span>
     <span class='ocr_line' id='line_1_8' title="bbox 163 1066 1286 1150; baseline 0.001 -19"><span class='ocrx_word' id='word_1_57' title='bbox 163 1067 304 1150; x_wconf 85' lang='lat' dir='ltr'>intellegi</span> <span class='ocrx_word' id='word_1_58' title='bbox 329 1067 503 1150; x_wconf 87' lang='lat' dir='ltr'>improuide</span> <span class='ocrx_word' id='word_1_59' title='bbox 530 1066 626 1130; x_wconf 92' lang='lat' dir='ltr'>immo</span> <span class='ocrx_word' id='word_1_60' title='bbox 654 1066 764 1130; x_wconf 85' lang='lat' dir='ltr'>illicite</span> <span class='ocrx_word' id='word_1_61' title='bbox 792 1086 825 1131; x_wconf 82' lang='lat' dir='ltr'>se</span> <span class='ocrx_word' id='word_1_62' title='bbox 848 1067 970 1145; x_wconf 79' lang='lat' dir='ltr'>declusa,</span> <span class='ocrx_word' id='word_1_63' title='bbox 994 1067 1078 1150; x_wconf 90' lang='lat' dir='ltr'>quod</span> <span class='ocrx_word' id='word_1_64' title='bbox 1100 1086 1204 1132; x_wconf 88' lang='lat' dir='ltr'>coram</span> <span class='ocrx_word' id='word_1_65' title='bbox 1228 1087 1286 1133; x_wconf 91' lang='lat' dir='ltr'>nou</span> 
     </span>
     <span class='ocr_line' id='line_1_9' title="bbox 120 1173 1287 1259; baseline 0 -20"><span class='ocrx_word' id='word_1_66' title='bbox 120 1178 141 1239; x_wconf 81' lang='lat'>4</span> <span class='ocrx_word' id='word_1_67' title='bbox 164 1173 278 1238; x_wconf 87' lang='lat' dir='ltr'>audeat</span> <span class='ocrx_word' id='word_1_68' title='bbox 300 1173 470 1237; x_wconf 81' lang='lat' dir='ltr'>defensare.</span> <span class='ocrx_word' id='word_1_69' title='bbox 534 1190 591 1236; x_wconf 89' lang='lat' dir='ltr'>uos</span> <span class='ocrx_word' id='word_1_70' title='bbox 615 1191 737 1255; x_wconf 89' lang='lat' dir='ltr'>quoque</span> <span class='ocrx_word' id='word_1_71' title='bbox 760 1191 796 1236; x_wconf 84' lang='lat' dir='ltr'>ex</span> <span class='ocrx_word' id='word_1_72' title='bbox 819 1173 951 1238; x_wconf 87' lang='lat' dir='ltr'>diuersis</span> <span class='ocrx_word' id='word_1_73' title='bbox 974 1174 1142 1257; x_wconf 87' lang='lat' dir='ltr'>prouinciis</span> <span class='ocrx_word' id='word_1_74' title='bbox 1167 1193 1287 1259; x_wconf 88' lang='lat' dir='ltr'>compe·</span> 
     </span>
     <span class='ocr_line' id='line_1_10' title="bbox 162 1277 1288 1360; baseline 0.003 -19"><span class='ocrx_word' id='word_1_75' title='bbox 162 1281 280 1344; x_wconf 86' lang='lat' dir='ltr'>tentem</span> <span class='ocrx_word' id='word_1_76' title='bbox 302 1296 465 1342; x_wconf 83' lang='lat' dir='ltr'>numerum</span> <span class='ocrx_word' id='word_1_77' title='bbox 488 1277 685 1343; x_wconf 87' lang='lat' dir='ltr'>sacerdotnm</span> <span class='ocrx_word' id='word_1_78' title='bbox 708 1278 833 1360; x_wconf 86' lang='lat' dir='ltr'>scriptis</span> <span class='ocrx_word' id='word_1_79' title='bbox 856 1284 978 1344; x_wconf 86' lang='lat' dir='ltr'>nostrus</span> <span class='ocrx_word' id='word_1_80' title='bbox 1005 1279 1181 1344; x_wconf 85' lang='lat' dir='ltr'>screnitatis</span> <span class='ocrx_word' id='word_1_81' title='bbox 1210 1280 1288 1344; x_wconf 88' lang='lat' dir='ltr'>acci-</span> 
     </span>
     <span class='ocr_line' id='line_1_11' title="bbox 162 1383 1330 1462; baseline 0.002 -14"><span class='ocrx_word' id='word_1_82' title='bbox 162 1402 243 1462; x_wconf 85' lang='lat' dir='ltr'>mus,</span> <span class='ocrx_word' id='word_1_83' title='bbox 268 1386 391 1448; x_wconf 88' lang='lat' dir='ltr'>utrem</span> <span class='ocrx_word' id='word_1_84' title='bbox 414 1383 579 1448; x_wconf 87' lang='lat' dir='ltr'>deductam</span> <span class='ocrx_word' id='word_1_85' title='bbox 603 1384 634 1448; x_wconf 89' lang='lat' dir='ltr'>iu</span> <span class='ocrx_word' id='word_1_86' title='bbox 658 1383 787 1447; x_wconf 89' lang='lat' dir='ltr'>dubium</span> <span class='ocrx_word' id='word_1_87' title='bbox 810 1384 954 1449; x_wconf 90' lang='lat' dir='ltr'>absoluat</span> <span class='ocrx_word' id='word_1_88' title='bbox 975 1385 1065 1449; x_wconf 91' lang='lat' dir='ltr'>nobis</span> <span class='ocrx_word' id='word_1_89' title='bbox 1093 1404 1196 1450; x_wconf 87' lang='lat' dir='ltr'>coram</span> <span class='ocrx_word' id='word_1_90' title='bbox 1226 1385 1287 1450; x_wconf 87' lang='lat' dir='ltr'>dis·</span> <span class='ocrx_word' id='word_1_91' title='bbox 1306 1412 1330 1453; x_wconf 82' lang='lat' dir='ltr'>a</span> 
     </span>
     <span class='ocr_line' id='line_1_12' title="bbox 120 1488 1291 1573; baseline 0 -18"><span class='ocrx_word' id='word_1_92' title='bbox 120 1495 139 1557; x_wconf 91' lang='lat'><strong>5</strong></span> <span class='ocrx_word' id='word_1_93' title='bbox 162 1488 346 1572; x_wconf 84' lang='lat' dir='ltr'>cep&lt;ta&gt;tio</span> <span class='ocrx_word' id='word_1_94' title='bbox 369 1488 582 1570; x_wconf 86' lang='lat' dir='ltr'>plurimorum.</span> <span class='ocrx_word' id='word_1_95' title='bbox 629 1507 700 1554; x_wconf 85' lang='lat' dir='ltr'>cnm</span> <span class='ocrx_word' id='word_1_96' title='bbox 720 1492 824 1554; x_wconf 89' lang='lat' dir='ltr'>autem</span> <span class='ocrx_word' id='word_1_97' title='bbox 842 1491 944 1554; x_wconf 86' lang='lat' dir='ltr'>omnia</span> <span class='ocrx_word' id='word_1_98' title='bbox 962 1490 1066 1554; x_wconf 87' lang='lat' dir='ltr'>futuro</span> <span class='ocrx_word' id='word_1_99' title='bbox 1085 1491 1207 1573; x_wconf 85' lang='lat' dir='ltr'>integra</span> <span class='ocrx_word' id='word_1_100' title='bbox 1225 1490 1291 1555; x_wconf 88' lang='lat' dir='ltr'>sint</span> 
     </span>
     <span class='ocr_line' id='line_1_13' title="bbox 163 1594 1285 1672; baseline 0.001 -14"><span class='ocrx_word' id='word_1_101' title='bbox 163 1594 277 1659; x_wconf 92' lang='lat' dir='ltr'>iudicio</span> <span class='ocrx_word' id='word_1_102' title='bbox 301 1597 469 1672; x_wconf 88' lang='lat' dir='ltr'>reseruata,</span> <span class='ocrx_word' id='word_1_103' title='bbox 493 1595 531 1659; x_wconf 92' lang='lat' dir='ltr'>de</span> <span class='ocrx_word' id='word_1_104' title='bbox 553 1595 717 1660; x_wconf 85' lang='lat' dir='ltr'>transactis</span> <span class='ocrx_word' id='word_1_105' title='bbox 741 1595 801 1659; x_wconf 87' lang='lat' dir='ltr'>sibi</span> <span class='ocrx_word' id='word_1_106' title='bbox 832 1595 964 1660; x_wconf 87' lang='lat' dir='ltr'>blandiri</span> <span class='ocrx_word' id='word_1_107' title='bbox 996 1596 1150 1660; x_wconf 90' lang='lat' dir='ltr'>neminem</span> <span class='ocrx_word' id='word_1_108' title='bbox 1182 1596 1285 1672; x_wconf 80' lang='lat' dir='ltr'>decet3</span> 
     </span>
     <span class='ocr_line' id='line_1_14' title="bbox 163 1699 1288 1784; baseline 0.001 -20"><span class='ocrx_word' id='word_1_109' title='bbox 163 1700 334 1783; x_wconf 89' lang='lat' dir='ltr'>praesentis</span> <span class='ocrx_word' id='word_1_110' title='bbox 362 1700 442 1766; x_wconf 88' lang='lat' dir='ltr'>enim</span> <span class='ocrx_word' id='word_1_111' title='bbox 470 1699 580 1767; x_wconf 88' lang='lat' dir='ltr'>iudicii</span> <span class='ocrx_word' id='word_1_112' title='bbox 608 1699 733 1768; x_wconf 90' lang='lat' dir='ltr'>docebit</span> <span class='ocrx_word' id='word_1_113' title='bbox 759 1702 943 1782; x_wconf 84' lang='lat' dir='ltr'>exemplum,</span> <span class='ocrx_word' id='word_1_114' title='bbox 972 1700 1047 1784; x_wconf 92' lang='lat' dir='ltr'>quid</span> <span class='ocrx_word' id='word_1_115' title='bbox 1073 1701 1105 1765; x_wconf 94' lang='lat' dir='ltr'>in</span> <span class='ocrx_word' id='word_1_116' title='bbox 1133 1701 1288 1766; x_wconf 91' lang='lat' dir='ltr'>eiusmodi</span> 
     </span>
     <span class='ocr_line' id='line_1_15' title="bbox 163 1804 1286 1890; baseline 0.003 -21"><span class='ocrx_word' id='word_1_117' title='bbox 163 1805 296 1890; x_wconf 86' lang='lat' dir='ltr'>negotiis</span> <span class='ocrx_word' id='word_1_118' title='bbox 319 1805 479 1871; x_wconf 84' lang='lat' dir='ltr'>obseruari</span> <span class='ocrx_word' id='word_1_119' title='bbox 503 1805 614 1870; x_wconf 89' lang='lat' dir='ltr'>debeat</span> <span class='ocrx_word' id='word_1_120' title='bbox 634 1806 665 1870; x_wconf 87' lang='lat' dir='ltr'>in</span> <span class='ocrx_word' id='word_1_121' title='bbox 688 1804 839 1872; x_wconf 82' lang='lat' dir='ltr'>futurum.</span> <span class='ocrx_word' id='word_1_122' title='bbox 888 1806 970 1872; x_wconf 88' lang='lat' dir='ltr'>Data</span> <span class='ocrx_word' id='word_1_123' title='bbox 987 1806 1102 1870; x_wconf 87' lang='lat' dir='ltr'>XVIII.</span> <span class='ocrx_word' id='word_1_124' title='bbox 1119 1806 1191 1871; x_wconf 90' lang='lat' dir='ltr'>Kal.</span> <span class='ocrx_word' id='word_1_125' title='bbox 1211 1807 1286 1872; x_wconf 80' lang='lat' dir='ltr'>Feb.</span> 
     </span>
     <span class='ocr_line' id='line_1_16' title="bbox 163 1909 1327 1993; baseline 0.001 -17"><span class='ocrx_word' id='word_1_126' title='bbox 163 1929 217 1993; x_wconf 84' lang='lat' dir='ltr'>per</span> <span class='ocrx_word' id='word_1_127' title='bbox 238 1909 463 1992; x_wconf 76' lang='lat' dir='ltr'>AphthunIum.</span> <span class='ocrx_word' id='word_1_128' title='bbox 1056 1977 1060 1988; x_wconf 67' lang='grc'>,</span> <span class='ocrx_word' id='word_1_129' title='bbox 1303 1941 1327 1980; x_wconf 72' lang='lat' dir='ltr'>ns</span> 
     </span>
    </p>
   </div>
   <div class='ocr_carea' id='block_1_3' title="bbox 464 2152 983 2342">
    <p class='ocr_par' dir='ltr' id='par_1_3' title="bbox 464 2152 983 2342">
     <span class='ocr_line' id='line_1_17' title="bbox 707 2152 792 2236; baseline 0 0"><span class='ocrx_word' id='word_1_130' title='bbox 707 2152 792 2236; x_wconf 83' lang='grc' dir='ltr'>(Ῑ9·)</span> 
     </span>
     <span class='ocr_line' id='line_1_18' title="bbox 464 2295 983 2342; baseline 0.004 -3"><span class='ocrx_word' id='word_1_131' title='bbox 464 2295 537 2340; x_wconf 78' lang='lat' dir='ltr'>nunu</span> <span class='ocrx_word' id='word_1_132' title='bbox 559 2295 689 2341; x_wconf 78' lang='lat' dir='ltr'>subarro</span> <span class='ocrx_word' id='word_1_133' title='bbox 712 2297 742 2340; x_wconf 81' lang='lat' dir='ltr'>u.</span> <span class='ocrx_word' id='word_1_134' title='bbox 765 2296 794 2340; x_wconf 79' lang='lat' dir='ltr'>u.</span> <span class='ocrx_word' id='word_1_135' title='bbox 819 2295 983 2342; x_wconf 80' lang='lat' dir='ltr'>smacnr.</span> 
     </span>
    </p>
   </div>
   <div class='ocr_carea' id='block_1_4' title="bbox 120 2399 1335 3538">
    <p class='ocr_par' dir='ltr' id='par_1_4' title="bbox 165 2399 1331 2695">
     <span class='ocr_line' id='line_1_19' title="bbox 209 2399 1288 2487; baseline 0 -22"><span class='ocrx_word' id='word_1_136' title='bbox 209 2400 287 2465; x_wconf 74' lang='lat' dir='ltr'>(ium</span> <span class='ocrx_word' id='word_1_137' title='bbox 306 2399 355 2464; x_wconf 91' lang='lat' dir='ltr'>uir</span> <span class='ocrx_word' id='word_1_138' title='bbox 373 2399 566 2487; x_wconf 85' lang='lat' dir='ltr'>clarissimus</span> <span class='ocrx_word' id='word_1_139' title='bbox 584 2400 783 2483; x_wconf 81' lang='lat' dir='ltr'>Aphthonius</span> <span class='ocrx_word' id='word_1_140' title='bbox 806 2400 933 2465; x_wconf 91' lang='lat' dir='ltr'>decurio</span> <span class='ocrx_word' id='word_1_141' title='bbox 957 2401 1037 2465; x_wconf 87' lang='lat' dir='ltr'>sueri</span> <span class='ocrx_word' id='word_1_142' title='bbox 1058 2400 1167 2482; x_wconf 89' lang='lat' dir='ltr'>palatii</span> <span class='ocrx_word' id='word_1_143' title='bbox 1190 2401 1288 2465; x_wconf 84' lang='lat' dir='ltr'>uestni</span> 
     </span>
     <span class='ocr_line' id='line_1_20' title="bbox 165 2504 1288 2588; baseline 0.001 -19"><span class='ocrx_word' id='word_1_144' title='bbox 165 2523 237 2569; x_wconf 93' lang='lat' dir='ltr'>cum</span> <span class='ocrx_word' id='word_1_145' title='bbox 263 2504 392 2571; x_wconf 87' lang='lat' dir='ltr'>caelesti</span> <span class='ocrx_word' id='word_1_146' title='bbox 413 2505 629 2588; x_wconf 85' lang='lat' dir='ltr'>praeceptime</span> <span class='ocrx_word' id='word_1_147' title='bbox 651 2505 690 2570; x_wconf 85' lang='lat' dir='ltr'>ad</span> <span class='ocrx_word' id='word_1_148' title='bbox 713 2505 821 2570; x_wconf 90' lang='lat' dir='ltr'>urbem</span> <span class='ocrx_word' id='word_1_149' title='bbox 844 2505 1054 2571; x_wconf 86' lang='lat' dir='ltr'>uenerabilem</span> <span class='ocrx_word' id='word_1_150' title='bbox 1076 2507 1288 2583; x_wconf 88' lang='lat' dir='ltr'>conuenisset,</span> 
     </span>
     <span class='ocr_line' id='line_1_21' title="bbox 165 2611 1331 2695; baseline 0 -20"><span class='ocrx_word' id='word_1_151' title='bbox 165 2611 248 2675; x_wconf 90' lang='lat' dir='ltr'>omni</span> <span class='ocrx_word' id='word_1_152' title='bbox 279 2629 391 2695; x_wconf 83' lang='lat' dir='ltr'>genere</span> <span class='ocrx_word' id='word_1_153' title='bbox 421 2611 580 2687; x_wconf 84' lang='lat' dir='ltr'>festinaui,</span> <span class='ocrx_word' id='word_1_154' title='bbox 618 2613 771 2693; x_wconf 87' lang='lat' dir='ltr'>quatenus</span> <span class='ocrx_word' id='word_1_155' title='bbox 807 2612 979 2695; x_wconf 88' lang='lat' dir='ltr'>praeceptis</span> <span class='ocrx_word' id='word_1_156' title='bbox 1015 2611 1152 2676; x_wconf 90' lang='lat' dir='ltr'>numinis</span> <span class='ocrx_word' id='word_1_157' title='bbox 1188 2611 1289 2675; x_wconf 86' lang='lat' dir='ltr'>uestri</span> <span class='ocrx_word' id='word_1_158' title='bbox 1305 2632 1331 2674; x_wconf 77' lang='lat' dir='ltr'>rc</span> 
     </span>
    </p>

    <p class='ocr_par' dir='ltr' id='par_1_5' title="bbox 121 2715 1335 3330">
     <span class='ocr_line' id='line_1_22' title="bbox 121 2715 1288 2798; baseline 0.002 -18"><span class='ocrx_word' id='word_1_159' title='bbox 121 2715 140 2780; x_wconf 85' lang='lat'>2</span> <span class='ocrx_word' id='word_1_160' title='bbox 165 2715 391 2782; x_wconf 79' lang='lat' dir='ltr'>oboediendum</span> <span class='ocrx_word' id='word_1_161' title='bbox 411 2716 650 2781; x_wconf 88' lang='lat' dir='ltr'>commodarem.</span> <span class='ocrx_word' id='word_1_162' title='bbox 709 2735 782 2780; x_wconf 90' lang='lat' dir='ltr'>nam</span> <span class='ocrx_word' id='word_1_163' title='bbox 800 2716 908 2780; x_wconf 89' lang='lat' dir='ltr'>statim</span> <span class='ocrx_word' id='word_1_164' title='bbox 926 2717 1088 2781; x_wconf 89' lang='lat' dir='ltr'>conuentis</span> <span class='ocrx_word' id='word_1_165' title='bbox 1105 2716 1288 2798; x_wconf 81' lang='lat' dir='ltr'>proceribus</span> 
     </span>
     <span class='ocr_line' id='line_1_23' title="bbox 164 2820 1290 2906; baseline -0.001 -19"><span class='ocrx_word' id='word_1_166' title='bbox 164 2840 252 2887; x_wconf 85' lang='lat' dir='ltr'>sacra</span> <span class='ocrx_word' id='word_1_167' title='bbox 277 2820 376 2886; x_wconf 80' lang='lat' dir='ltr'>iussIo</span> <span class='ocrx_word' id='word_1_168' title='bbox 404 2821 563 2905; x_wconf 91' lang='lat' dir='ltr'>publicata</span> <span class='ocrx_word' id='word_1_169' title='bbox 590 2824 622 2886; x_wconf 87' lang='lat' dir='ltr'>et</span> <span class='ocrx_word' id='word_1_170' title='bbox 649 2822 688 2885; x_wconf 84' lang='lat' dir='ltr'>ad</span> <span class='ocrx_word' id='word_1_171' title='bbox 717 2821 882 2906; x_wconf 81' lang='lat' dir='ltr'>religiosos</span> <span class='ocrx_word' id='word_1_172' title='bbox 914 2821 999 2887; x_wconf 90' lang='lat' dir='ltr'>uiros</span> <span class='ocrx_word' id='word_1_173' title='bbox 1030 2821 1223 2886; x_wconf 79' lang='lat' dir='ltr'>BoniiatIum</span> <span class='ocrx_word' id='word_1_174' title='bbox 1254 2825 1290 2886; x_wconf 93' lang='lat' dir='ltr'>et</span> 
     </span>
     <span class='ocr_line' id='line_1_24' title="bbox 162 2927 1288 3010; baseline -0.001 -17"><span class='ocrx_word' id='word_1_175' title='bbox 162 2927 319 2994; x_wconf 79' lang='lat' dir='ltr'>Eulalium</span> <span class='ocrx_word' id='word_1_176' title='bbox 349 2927 447 2991; x_wconf 89' lang='lat' dir='ltr'>missa</span> <span class='ocrx_word' id='word_1_177' title='bbox 478 2927 641 2993; x_wconf 88' lang='lat' dir='ltr'>conuentio</span> <span class='ocrx_word' id='word_1_178' title='bbox 674 2930 732 3005; x_wconf 88' lang='lat' dir='ltr'>est,</span> <span class='ocrx_word' id='word_1_179' title='bbox 765 2927 882 2992; x_wconf 92' lang='lat' dir='ltr'>domiui</span> <span class='ocrx_word' id='word_1_180' title='bbox 912 2927 1127 3010; x_wconf 78' lang='lat' dir='ltr'>imperatores,</span> <span class='ocrx_word' id='word_1_181' title='bbox 1156 2927 1288 2992; x_wconf 82' lang='lat' dir='ltr'>clericos</span> 
     </span>
     <span class='ocr_line' id='line_1_25' title="bbox 164 3031 1287 3116; baseline -0.001 -18"><span class='ocrx_word' id='word_1_182' title='bbox 164 3051 287 3115; x_wconf 88' lang='lat' dir='ltr'>quoquo</span> <span class='ocrx_word' id='word_1_183' title='bbox 322 3051 429 3097; x_wconf 88' lang='lat' dir='ltr'>eorum</span> <span class='ocrx_word' id='word_1_184' title='bbox 464 3033 608 3115; x_wconf 86' lang='lat' dir='ltr'>praecepi</span> <span class='ocrx_word' id='word_1_185' title='bbox 641 3033 757 3116; x_wconf 85' lang='lat' dir='ltr'>pariter</span> <span class='ocrx_word' id='word_1_186' title='bbox 792 3031 959 3108; x_wconf 81' lang='lat' dir='ltr'>admoneri,</span> <span class='ocrx_word' id='word_1_187' title='bbox 996 3035 1033 3096; x_wconf 89' lang='lat' dir='ltr'>ut</span> <span class='ocrx_word' id='word_1_188' title='bbox 1068 3032 1147 3096; x_wconf 89' lang='lat' dir='ltr'>nihil</span> <span class='ocrx_word' id='word_1_189' title='bbox 1179 3032 1287 3097; x_wconf 82' lang='lat' dir='ltr'>futuro</span> 
     </span>
     <span class='ocr_line' id='line_1_26' title="bbox 164 3136 1335 3222; baseline 0 -20"><span class='ocrx_word' id='word_1_190' title='bbox 164 3140 368 3218; x_wconf 79' lang='lat' dir='ltr'>cognoscente</span> <span class='ocrx_word' id='word_1_191' title='bbox 396 3138 512 3222; x_wconf 89' lang='lat' dir='ltr'>pietate</span> <span class='ocrx_word' id='word_1_192' title='bbox 540 3142 646 3203; x_wconf 87' lang='lat' dir='ltr'>uestra</span> <span class='ocrx_word' id='word_1_193' title='bbox 668 3138 794 3203; x_wconf 92' lang='lat' dir='ltr'>deesset</span> <span class='ocrx_word' id='word_1_194' title='bbox 815 3138 956 3202; x_wconf 80' lang='lat' dir='ltr'>examini.</span> <span class='ocrx_word' id='word_1_195' title='bbox 980 3137 1061 3202; x_wconf 92' lang='lat' dir='ltr'>uude</span> <span class='ocrx_word' id='word_1_196' title='bbox 1083 3136 1162 3202; x_wconf 89' lang='lat' dir='ltr'>haec</span> <span class='ocrx_word' id='word_1_197' title='bbox 1183 3136 1288 3202; x_wconf 87' lang='lat' dir='ltr'>omnia</span> <span class='ocrx_word' id='word_1_198' title='bbox 1306 3161 1335 3202; x_wconf 74' lang='lat' dir='ltr'>aa</span> 
     </span>
     <span class='ocr_line' id='line_1_27' title="bbox 165 3243 1289 3330; baseline 0 -23"><span class='ocrx_word' id='word_1_199' title='bbox 165 3246 332 3330; x_wconf 84' lang='lat' dir='ltr'>gestorum.</span> <span class='ocrx_word' id='word_1_200' title='bbox 350 3243 430 3316; x_wconf 81' lang='lat' dir='ltr'>serie</span> <span class='ocrx_word' id='word_1_201' title='bbox 458 3244 681 3326; x_wconf 88' lang='lat' dir='ltr'>comprehensa</span> <span class='ocrx_word' id='word_1_202' title='bbox 702 3244 741 3307; x_wconf 90' lang='lat' dir='ltr'>ad</span> <span class='ocrx_word' id='word_1_203' title='bbox 767 3244 890 3326; x_wconf 83' lang='lat' dir='ltr'>plenam</span> <span class='ocrx_word' id='word_1_204' title='bbox 917 3243 1156 3308; x_wconf 80' lang='lat' dir='ltr'>instructionem</span> <span class='ocrx_word' id='word_1_205' title='bbox 1179 3243 1289 3308; x_wconf 85' lang='lat' dir='ltr'>subter</span> 
     </span>
    </p>

    <p class='ocr_par' dir='ltr' id='par_1_6' title="bbox 120 3341 1288 3538">
     <span class='ocr_line' id='line_1_28' title="bbox 120 3341 1288 3431; baseline 0 -19"><span class='ocrx_word' id='word_1_206' title='bbox 120 3341 140 3404; x_wconf 90' lang='lat'><strong>3</strong></span> <span class='ocrx_word' id='word_1_207' title='bbox 165 3349 305 3416; x_wconf 83' lang='lat' dir='ltr'>annexui.</span> <span class='ocrx_word' id='word_1_208' title='bbox 371 3366 481 3413; x_wconf 88' lang='lat' dir='ltr'>uerum</span> <span class='ocrx_word' id='word_1_209' title='bbox 508 3351 674 3431; x_wconf 88' lang='lat' dir='ltr'>postquam</span> <span class='ocrx_word' id='word_1_210' title='bbox 705 3367 776 3430; x_wconf 87' lang='lat' dir='ltr'>pars</span> <span class='ocrx_word' id='word_1_211' title='bbox 807 3352 939 3430; x_wconf 75' lang='lat' dir='ltr'>intraque</span> <span class='ocrx_word' id='word_1_212' title='bbox 969 3348 1121 3431; x_wconf 90' lang='lat' dir='ltr'>populum</span> <span class='ocrx_word' id='word_1_213' title='bbox 1153 3346 1288 3412; x_wconf 87' lang='lat' dir='ltr'>diuersis</span> 
     </span>
     <span class='ocr_line' id='line_1_29' title="bbox 164 3452 1288 3538; baseline -0.002 -19"><span class='ocrx_word' id='word_1_214' title='bbox 164 3454 370 3520; x_wconf 92' lang='lat' dir='ltr'>seditionibus</span> <span class='ocrx_word' id='word_1_215' title='bbox 394 3455 551 3532; x_wconf 86' lang='lat' dir='ltr'>excitaret,</span> <span class='ocrx_word' id='word_1_216' title='bbox 575 3453 717 3538; x_wconf 84' lang='lat' dir='ltr'>singulos</span> <span class='ocrx_word' id='word_1_217' title='bbox 741 3453 949 3520; x_wconf 83' lang='lat' dir='ltr'>admonitione</span> <span class='ocrx_word' id='word_1_218' title='bbox 967 3453 1064 3517; x_wconf 85' lang='lat' dir='ltr'>missa</span> <span class='ocrx_word' id='word_1_219' title='bbox 1081 3452 1224 3530; x_wconf 87' lang='lat' dir='ltr'>conneui,</span> <span class='ocrx_word' id='word_1_220' title='bbox 1247 3471 1288 3517; x_wconf 92' lang='lat' dir='ltr'>ue</span> 
     </span>
    </p>
   </div>
   <div class='ocr_carea' id='block_1_5' title="bbox 165 3753 1287 4088">
    <p class='ocr_par' dir='ltr' id='par_1_7' title="bbox 166 3753 1287 3911">
     <span class='ocr_line' id='line_1_30' title="bbox 199 3753 1287 3822; baseline 0.002 -14"><span class='ocrx_word' id='word_1_221' title='bbox 199 3755 216 3808; x_wconf 82' lang='lat'><strong>2</strong></span> <span class='ocrx_word' id='word_1_222' title='bbox 234 3757 266 3808; x_wconf 87' lang='lat' dir='ltr'>ut</span> <span class='ocrx_word' id='word_1_223' title='bbox 287 3753 325 3809; x_wconf 81' lang='lat' dir='ltr'>V.-</span> <span class='ocrx_word' id='word_1_224' title='bbox 342 3757 371 3808; x_wconf 89' lang='lat' dir='ltr'>et</span> <span class='ocrx_word' id='word_1_225' title='bbox 387 3755 471 3811; x_wconf 67' lang='lat' dir='ltr'>Iurat.</span> <span class='ocrx_word' id='word_1_226' title='bbox 535 3755 551 3809; x_wconf 87' lang='lat'><strong>9</strong></span> <span class='ocrx_word' id='word_1_227' title='bbox 570 3754 713 3809; x_wconf 85' lang='lat' dir='ltr'>accinimus</span> <span class='ocrx_word' id='word_1_228' title='bbox 726 3754 810 3808; x_wconf 71' lang='lat' dir='ltr'>Iacet.</span> <span class='ocrx_word' id='word_1_229' title='bbox 875 3754 1054 3822; x_wconf 78' lang='lat' dir='ltr'>lbdisceptio</span> <span class='ocrx_word' id='word_1_230' title='bbox 1077 3753 1108 3817; x_wconf 89' lang='lat' dir='ltr'>V,</span> <span class='ocrx_word' id='word_1_231' title='bbox 1127 3768 1196 3807; x_wconf 83' lang='lat' dir='ltr'>corr.</span> <span class='ocrx_word' id='word_1_232' title='bbox 1214 3753 1287 3810; x_wconf 85' lang='lat' dir='ltr'>Bur.</span> 
     </span>
     <span class='ocr_line' id='line_1_31' title="bbox 166 3841 404 3911; baseline 0 -16"><span class='ocrx_word' id='word_1_233' title='bbox 166 3843 355 3911; x_wconf 67' lang='lat' dir='ltr'>mopsopium</span> <span class='ocrx_word' id='word_1_234' title='bbox 377 3841 404 3896; x_wconf 86' lang='lat' dir='ltr'><strong><em>V</em></strong></span> 
     </span>
    </p>

    <p class='ocr_par' dir='ltr' id='par_1_8' title="bbox 165 3928 1287 4088">
     <span class='ocr_line' id='line_1_32' title="bbox 200 3928 1285 3996; baseline -0.003 -12"><span class='ocrx_word' id='word_1_235' title='bbox 200 3930 248 3984; x_wconf 80' lang='lat' dir='ltr'>la.</span> <span class='ocrx_word' id='word_1_236' title='bbox 284 3929 352 3985; x_wconf 83' lang='lat' dir='ltr'>Dat.</span> <span class='ocrx_word' id='word_1_237' title='bbox 371 3930 415 3984; x_wconf 80' lang='lat' dir='ltr'>ds&#39;c</span> <span class='ocrx_word' id='word_1_238' title='bbox 430 3933 470 3984; x_wconf 78' lang='lat'>25</span> <span class='ocrx_word' id='word_1_239' title='bbox 487 3930 552 3984; x_wconf 86' lang='lat' dir='ltr'>Iun.</span> <span class='ocrx_word' id='word_1_240' title='bbox 573 3934 632 3986; x_wconf 80' lang='lat'><strong><em>419.</em></strong></span> <span class='ocrx_word' id='word_1_241' title='bbox 694 3930 769 3984; x_wconf 87' lang='lat' dir='ltr'>Edd.</span> <span class='ocrx_word' id='word_1_242' title='bbox 783 3931 854 3984; x_wconf 83' lang='lat' dir='ltr'>Bur.</span> <span class='ocrx_word' id='word_1_243' title='bbox 869 3929 908 3983; x_wconf 87' lang='lat' dir='ltr'>od</span> <span class='ocrx_word' id='word_1_244' title='bbox 921 3945 948 3984; x_wconf 90' lang='lat' dir='ltr'>u.</span> <span class='ocrx_word' id='word_1_245' title='bbox 963 3931 1087 3996; x_wconf 82' lang='lat'>419,12;</span> <span class='ocrx_word' id='word_1_246' title='bbox 1104 3928 1190 3983; x_wconf 70' lang='lat' dir='ltr'>Iurat.</span> <span class='ocrx_word' id='word_1_247' title='bbox 1203 3930 1285 3981; x_wconf 68' lang='lat' dir='ltr'>duct.</span> 
     </span>
     <span class='ocr_line' id='line_1_33' title="bbox 165 4015 1287 4088; baseline -0.004 -15"><span class='ocrx_word' id='word_1_248' title='bbox 165 4016 715 4088; x_wconf 72' lang='lat' dir='ltr'>Spmm.as;saopp.ee1³ar.xrc.</span> <span class='ocrx_word' id='word_1_249' title='bbox 762 4020 794 4073; x_wconf 86' lang='grc'>17</span> <span class='ocrx_word' id='word_1_250' title='bbox 814 4034 942 4073; x_wconf 79' lang='lat' dir='ltr'>snrrscmo</span> <span class='ocrx_word' id='word_1_251' title='bbox 961 4019 1040 4084; x_wconf 79' lang='lat' dir='ltr'>(sict)</span> <span class='ocrx_word' id='word_1_252' title='bbox 1065 4016 1091 4070; x_wconf 92' lang='lat' dir='ltr'><em>V</em></span> <span class='ocrx_word' id='word_1_253' title='bbox 1137 4015 1170 4069; x_wconf 89' lang='lat'>18</span> <span class='ocrx_word' id='word_1_254' title='bbox 1189 4015 1287 4084; x_wconf 88' lang='lat' dir='ltr'>aptho·</span> 
     </span>
    </p>
   </div>
   <div class='ocr_carea' id='block_1_6' title="bbox 43 4104 1116 4173">
    <p class='ocr_par' dir='ltr' id='par_1_9' title="bbox 43 4104 1116 4173">
     <span class='ocr_line' id='line_1_34' title="bbox 43 4104 1116 4173; baseline -0.004 -12"><span class='ocrx_word' id='word_1_255' title='bbox 43 4117 47 4129; x_wconf 88' lang='grc'><em>“</em></span> <span class='ocrx_word' id='word_1_256' title='bbox 163 4107 224 4161; x_wconf 86' lang='lat' dir='ltr'>aius</span> <span class='ocrx_word' id='word_1_257' title='bbox 247 4105 274 4160; x_wconf 87' lang='lat' dir='ltr'><strong><em>V</em></strong></span> <span class='ocrx_word' id='word_1_258' title='bbox 323 4106 489 4160; x_wconf 68' lang='lat' dir='ltr'>conaminis</span> <span class='ocrx_word' id='word_1_259' title='bbox 512 4106 729 4172; x_wconf 75' lang='lat' dir='ltr'>V,corr.1uret.</span> <span class='ocrx_word' id='word_1_260' title='bbox 783 4107 817 4161; x_wconf 79' lang='lat'>‘23</span> <span class='ocrx_word' id='word_1_261' title='bbox 830 4105 864 4161; x_wconf 93' lang='lat' dir='ltr'>D.</span> <span class='ocrx_word' id='word_1_262' title='bbox 878 4107 1022 4173; x_wconf 86' lang='lat' dir='ltr'>imperator</span> <span class='ocrx_word' id='word_1_263' title='bbox 1038 4104 1116 4158; x_wconf 75' lang='lat' dir='ltr'>lucet</span> 
     </span>
    </p>
   </div>
   <div class='ocr_carea' id='block_1_7' title="bbox 0 0 1456 4672">
    <p class='ocr_par' dir='ltr' id='par_1_10' title="bbox 0 0 1456 4672">
     <span class='ocr_line' id='line_1_35' title="bbox 0 0 1456 4672; baseline 0 2"><span class='ocrx_word' id='word_1_264' title='bbox 0 0 1456 4672; x_wconf 95' lang='lat' dir='ltr'> </span> 
     </span>
    </p>
   </div>
  </div>
 </body>
</html>
