2904 4672
178 247 242 309 222
468 242 590 298 Gelesius
608 243 630 298 1.
650 244 684 297 ad
702 244 841 313 episcopos
859 242 1012 298 Dardaniae

178 436 277 501 omnis
305 436 456 519 plenaque
484 436 632 502 diuinitas
659 436 800 501 babitare
827 435 1008 519 perhibetur
1030 439 1062 501 et
1084 436 1307 518 ‘corporaliter‘

177 542 372 624 exprimendo
399 542 431 606 in
461 543 593 607 ueritate
620 544 786 626 persistere
814 543 913 608 nostri
940 541 1077 625 corporis
1106 542 1307 625 adprobatur.

147 646 271 731 Vsuper
297 649 347 714 his
375 651 479 714 autem
505 648 684 730 frequenter
710 649 747 712 ab
772 649 945 731 apostolica
969 648 1041 714 sede
1065 651 1098 713 et
1119 669 1176 733 per
1197 651 1307 716 heatae

175 754 341 825 memoriae
370 758 513 819 sanctum
539 755 672 820 Leonem
705 759 737 820 et
767 774 822 838 per
853 773 1051 820 successores
1084 756 1151 820 eius
1185 758 1307 821 certum

176 865 225 926 est
248 860 382 926 Graecos
405 859 502 926 fuisso
526 862 697 940 conuictos,
721 861 804 926 sicut
825 861 967 944 ipsomm
989 861 1093 936 cartis,
1117 881 1196 945 quas
1220 861 1306 946 apud
1333 885 1345 925 a

147 976 233 1038 aros
268 968 428 1045 habemus,
471 968 537 1033 sine
578 968 783 1053 ambiguitate
824 971 1024 1034 monstratur.
1092 986 1176 1033 nunc
1217 988 1306 1048 uero,

177 1074 320 1155 quamuis
343 1073 444 1157 ipsam
466 1075 677 1156 pestilentiam
700 1094 759 1139 nou
783 1074 916 1139 audeaut
937 1074 1086 1158 profiteri,
1111 1093 1164 1139 eos
1189 1077 1308 1156 tamen,

176 1179 230 1262 qui
255 1180 372 1245 talibus
400 1182 699 1247 communicauerint
724 1181 898 1264 meritoque
929 1180 1102 1246 seeundum
1136 1180 1309 1247 Calchedo-

175 1286 280 1350 nensis
309 1286 433 1352 decreta
460 1287 583 1353 concilii
611 1289 648 1352 ab
677 1288 848 1370 apostolica
876 1286 949 1353 sede
979 1287 1117 1352 damnati
1149 1291 1224 1353 sunt
1254 1291 1308 1354 ob-

176 1392 344 1475 stinatique
376 1393 407 1457 iu
440 1394 547 1458 eadem
580 1394 773 1459 damnatione
806 1394 955 1473 defuncti,
987 1393 1161 1476 pernicioso
1200 1395 1307 1460 imore
1327 1418 1348 1457 ro

176 1497 346 1564 detendunt
364 1503 395 1564 et
414 1519 520 1564 eorum
538 1500 753 1566 recitationem
773 1500 922 1566 ecclesiae
943 1500 1115 1565 catholicae
1134 1501 1309 1566 moliuntur

174 1605 323 1689 ingerere.
348 1606 462 1689 quibus
485 1606 605 1689 utique,
630 1607 713 1689 quod
737 1606 828 1682 absit,
852 1606 985 1690 receptis
1009 1606 1104 1671 etiam
1123 1608 1308 1692 contagium

174 1711 348 1794 prauitatis,
365 1712 416 1777 cui
430 1732 463 1778 se
480 1714 695 1779 communione
710 1713 877 1792 sociarunt,
889 1713 1306 1796 consequenteriucurritur,

176 1818 447 1900 quemadmodum,
477 1819 560 1901 quod
583 1821 703 1885 auertat
726 1819 879 1896 dominus,
904 1819 931 1884 si
953 1819 1035 1883 Arrii
1057 1821 1110 1885 uel
1133 1819 1307 1885 cuiuslibet

174 1923 323 1989 haeretici
360 1925 399 1990 ad
436 1926 682 1997 ecclesiasticam
717 1925 930 1990 recitationem
966 1945 1077 1991 nomen
1116 1925 1305 2004 admittitur,
1323 1949 1346 1991 a

146 2029 271 2103 9simul
304 2033 336 2095 et
367 2031 559 2096 consortium
591 2032 785 2111 detestabilis
822 2033 932 2097 erroris
968 2031 1154 2097 adsumitur.
1222 2033 1305 2097 uude

177 2136 251 2218 quia
277 2156 410 2203 errorem
438 2137 564 2220 quidem
589 2140 727 2204 fatentur
753 2139 808 2204 sed
836 2159 872 2203 ea
899 2139 960 2204 sihi
986 2141 1099 2221 putant
1131 2139 1305 2204 communi·

178 2260 267 2306 onem
297 2244 482 2309 catholicam
506 2244 683 2309 conditione
705 2237 876 2322 laxandam,
900 2247 937 2309 ut
958 2245 1084 2309 uomina
1107 2264 1225 2324 eorum,
1248 2244 1305 2327 qui

174 2349 378 2430 praeuaricati
406 2352 488 2428 suut,
516 2351 580 2414 illis
608 2350 639 2414 iu
668 2351 800 2415 ecclesia
821 2351 950 2416 recitare
974 2350 1017 2415 sit
1037 2351 1162 2415 licitum
1186 2352 1219 2415 et
1240 2356 1303 2416 non

173 2456 237 2517 tam
273 2454 334 2538 ipsi
370 2457 523 2540 corrigere
564 2477 658 2539 quam
699 2457 910 2522 sinceritatem
952 2457 1136 2522 catholicam
1176 2456 1303 2522 inficere
1319 2480 1343 2522 ro

171 2560 310 2624 nitantur
341 2562 482 2646 contagio
514 2563 711 2644 perfidorum,
744 2563 944 2628 dilectionem
974 2565 1109 2628 uestram
1148 2562 1301 2628 sratemae

173 2667 310 2730 caritatis
343 2667 467 2732 adfectu
500 2688 559 2734 non
592 2668 772 2734 destitimus
805 2669 978 2746 admonere,
1011 2673 1048 2734 ut
1080 2670 1108 2734 si
1140 2670 1193 2751 qui
1225 2669 1302 2734 talia

173 2772 360 2838 seminantes
403 2774 441 2838 ad
482 2778 601 2840 uestras
642 2775 786 2860 regiones
826 2777 905 2841 forte
946 2775 1153 2859 pemenerint,
1198 2775 1300 2840 modis

173 2879 317 2944 omnibus
346 2880 549 2944 excludantur
570 2880 724 2963 uobisque
748 2900 820 2945 enm
843 2881 915 2946 sede
937 2881 1021 2945 beati
1045 2881 1181 2963 apostoli
1202 2880 1300 2958 Petri,

172 2984 256 3051 sicut
279 3004 296 3048 a
323 2985 463 3068 patribus
490 2987 605 3052 nostris
634 2989 683 3051 est
705 2987 827 3064 tradita,
851 2987 983 3051 inlibata
1005 2986 1182 3051 commuuio
1207 2989 1301 3068 atquo
1318 3013 1342 3056 a

121 3103 209 3166 loen
240 3090 324 3155 omni
355 3094 441 3174 parte
473 3093 658 3157 inconuulsa
688 3093 844 3177 perduret.
914 3095 1006 3172 certe,
1040 3093 1067 3157 si
1100 3092 1170 3174 quis
1205 3112 1300 3180 *aures

172 3198 292 3260 uestras
321 3196 358 3260 de
385 3197 443 3261 hac
470 3199 634 3262 crediderit
662 3199 860 3283 subreptione
883 3200 1064 3280 pulsandas,
1089 3197 1300 3264 sollicitudine

208 3441 312 3495 lornni
330 3439 363 3492 K
415 3440 568 3504 diurnitatis
585 3440 618 3494 K
670 3441 872 3512 herprimende
891 3440 918 3495 V
968 3441 995 3494 in
1014 3457 1064 3495 om.
1079 3440 1112 3494 K
1164 3443 1243 3511 3per
1253 3441 1299 3496 K:

172 3545 222 3583 om.
246 3527 297 3580 VB
363 3532 471 3582 sanetae
490 3530 633 3582 memoriae
651 3529 761 3583 beatum
778 3529 838 3583 ΒΚ
886 3531 1075 3585 bconuinctos
1099 3528 1153 3583 VK
1223 3530 1299 3584 ehar-

172 3617 208 3672 tis
226 3616 264 3680 K,
284 3617 367 3685 partis
391 3616 417 3669 V
468 3617 582 3687 quosV
637 3620 851 3672 dmonstrantur
873 3619 900 3670 V
955 3622 1019 3673 tunc
1036 3618 1069 3672 K
1121 3617 1301 3674 candeatls

172 3705 189 3760 8
208 3706 470 3758 communicauerunt
492 3705 570 3760 Thicl
631 3707 648 3760 9
667 3706 785 3760 damnati
804 3710 868 3760 sunt
885 3725 1000 3762 nxrurcrr
1018 3707 1051 3761 K
1113 3707 1146 3760 10
1165 3706 1298 3760 defunctis

172 3794 320 3863 pernicioso
339 3810 367 3846 se
387 3810 471 3847 errore
490 3795 517 3847 Β
606 3795 636 3848 11
656 3795 815 3849 recitacione
838 3794 864 3848 V
951 3797 983 3850 12
1002 3788 1157 3865 ᾳυίὴηεΒε
1180 3795 1253 3864 quod
1274 3795 1301 3848 V

172 3883 265 3952 utique
283 3899 332 3936 orec.
352 3882 379 3934 Β
450 3884 563 3952 receptis
587 3883 623 3936 V:
641 3883 760 3937 recitatis
774 3884 801 3936 Β
855 3885 887 3938 13
905 3885 1033 3938 cotiarum
1052 3884 1078 3937 V
1128 3883 1258 3937 incutitur
1274 3881 1301 3936 V

174 3973 206 4024 14
226 3970 296 4039 quod
315 3970 456 4023 admodum
475 3970 502 4022 Β
573 3971 697 4024 aduertat
714 3971 741 4024 B
813 3973 857 4025 uel
874 3989 923 4026 om.
943 3973 970 4025 Β
1025 3973 1057 4025 16
1076 3971 1253 4024 adsummitur
1274 3967 1301 4023 V

173 4061 205 4113 17
225 4058 331 4127 quidem
348 4075 434 4126 supra
453 4059 527 4112 linea
549 4058 575 4110 V
630 4075 687 4112 earn
706 4059 733 4111 Β
779 4060 942 4115 181aranda
964 4061 990 4113 V
1033 4061 1066 4114 22
1086 4059 1298 4115 destituimusB

173 4148 233 4219 quit
251 4148 304 4200 alia
326 4146 352 4200 V
400 4148 436 4200 23
455 4147 650 4217 perueneritB
702 4148 736 4202 25
754 4149 795 4202 illi
813 4149 938 4203 beataB
992 4151 1024 4204 27
1042 4150 1112 4203 hano
1130 4148 1157 4200 Β
