2904 4672
556 239 757 310 Irpit.LV111
778 270 812 279 -
830 240 918 296 num
932 244 958 295 r.
1248 247 1309 310 131

188 433 306 512 locum,
330 433 368 499 de
391 452 451 517 quo
473 434 584 518 pulsus
606 435 717 512 fuerat,
741 453 910 518 occupasse
934 435 1067 500 dicatur:
1090 435 1217 520 insuper
1244 437 1311 518 qni-

188 540 323 605 busdam
345 540 531 607 facientibus
551 540 849 623 Constantinopolim
868 560 979 606 ausum
997 541 1096 607 fnisse
1116 543 1310 621 contendere,

187 648 227 710 nt
248 646 360 711 ciuitas
384 637 628 720 Christianorum
650 647 824 730 principum
848 647 930 712 circa
951 647 1024 712 fidei
1041 648 1213 714 catholicae
1231 651 1311 714 ucri·

187 754 287 816 tatem
314 751 479 818 deuotione
504 754 693 835 praecellens
717 756 749 818 et
771 753 946 828 Christiana
966 753 1055 836 plebs
1078 754 1110 818 in
1133 754 1310 821 defensione

156 858 348 942 ercligionia
381 857 521 924 adtonita
550 858 776 924 haereticorum
808 859 972 941 pronitate,
1005 878 1084 942 quae
1116 861 1178 925 iam
1210 862 1312 926 fuerat

187 965 300 1046 sopita,
322 965 429 1030 turbet
467 1012 475 1030 .
543 965 599 1030 sed
620 965 834 1030 misericordia
856 965 917 1042 dei,
941 965 1030 1029 euius
1054 969 1102 1030 est
1125 984 1308 1044 caucason
1332 964 1351 1026 2

186 1069 298 1149 deluit,
316 1077 353 1136 nt
370 1071 563 1148 Timotheus,
582 1069 637 1152 qui
659 1070 696 1134 ab
720 1069 887 1134 uniuersali
910 1071 1042 1136 ecclesia
1062 1073 1308 1150 sacerdotalibus

187 1177 353 1242 sententiis
380 1180 412 1242 et
436 1176 649 1259 imperialibus
677 1176 856 1241 constitutis
883 1175 950 1240 inre
978 1181 1026 1241 est
1054 1181 1246 1263 segregatus,
1270 1179 1309 1243 ad

186 1281 353 1348 ecclesiam
383 1285 455 1348 tuae
487 1282 663 1348 dilectionis
695 1282 748 1347 uel
779 1281 818 1346 ad
848 1282 988 1348 fidelium
1015 1282 1176 1349 domorum
1202 1285 1310 1350 limina

138 1409 168 1449 ro
186 1406 248 1452 non
274 1389 507 1470 permitteretur
533 1387 686 1454 accedere.
754 1407 847 1471 quem
874 1392 1045 1457 conuentus
1072 1408 1169 1455 nonos
1196 1409 1252 1474 pro
1275 1411 1308 1456 se
1331 1388 1351 1449 3

186 1492 355 1560 didicimus
383 1495 575 1573 comminari,
601 1492 720 1559 resolui
748 1494 974 1572 aestimantem,
1003 1494 1086 1577 quod
1113 1495 1151 1560 de
1178 1515 1212 1561 se
1242 1497 1309 1561 uni-

173 1600 320 1665 uersalis
353 1600 493 1666 decreuit
527 1600 706 1666 auotoritas.
742 1599 825 1665 unde
867 1600 940 1682 quia
977 1603 1102 1665 sanctae
1143 1602 1309 1667 memoriae

184 1721 419 1788 praecessorum
446 1709 622 1773 nostrorum
650 1709 771 1771 extante
799 1705 948 1783 doctrina,
977 1709 1199 1790 contraquam
1222 1708 1309 1772 nefas

186 1813 237 1878 eet
254 1811 416 1895 disputari,
434 1813 576 1896 quisquis
594 1815 676 1878 recto
695 1831 802 1895 sapere
819 1812 954 1888 uidetur,
974 1812 1064 1879 nouis
1083 1812 1307 1878 assertionibus

136 1940 167 1981 rs
184 1935 247 1982 non
277 1918 398 2005 indiget
428 1918 550 1984 edoceri
581 1919 637 1983 sed
667 1919 759 2001 plena
795 1920 888 2001 atque
923 1918 1062 2000 perfecta
1091 1921 1165 1984 sunt
1194 1919 1309 1993 omnia,

186 2021 302 2104 quibus
325 2026 430 2106 potest
451 2025 504 2089 uel
526 2024 674 2106 deceptus
698 2024 736 2088 ab
759 2023 924 2089 haereticis
947 2023 1062 2089 erudiri
1083 2025 1136 2089 uel
1157 2024 1190 2089 in
1218 2024 1310 2089 uinea

186 2127 304 2194 domini
325 2130 512 2213 plantandus
534 2130 669 2208 institui,
692 2131 858 2214 implorata
879 2128 940 2195 fide
963 2130 1201 2195 clementissimi
1227 2129 1308 2213 prin-

186 2231 267 2338 cipis
293 2254 404 2301 uocem
430 2235 588 2302 faciendae
616 2236 726 2319 synodi.
751 2236 801 2300 fac
826 2235 934 2319 respui
960 2254 1018 2299 neo
1047 2235 1090 2300 sit
1112 2235 1195 2319 apud
1218 2254 1308 2300 aures

185 2340 310 2423 imperii
336 2341 528 2407 christianas
555 2341 646 2427 pigra
672 2341 845 2427 suggestio,
872 2340 946 2424 quia
968 2341 1053 2405 salus
1077 2341 1144 2406 eius
1168 2343 1200 2405 et
1220 2341 1308 2424 regni

136 2471 165 2512 ro
183 2444 285 2528 ipsius
309 2445 452 2513 Christus
472 2451 521 2514 est
536 2447 697 2535 fortitudo.
752 2466 823 2530 ergo
843 2465 914 2512 eum
932 2444 1099 2529 praedictis
1117 2446 1307 2532 presbyteris
1329 2443 1351 2508 4

185 2568 223 2615 ac
244 2552 405 2617 monachis
429 2555 607 2636 oportune
630 2555 725 2635 atque
745 2553 957 2637 importune
980 2552 1091 2637 pietati
1114 2553 1181 2618 eins
1200 2554 1307 2618 nostro

179 2643 308 2739 -quoqne
330 2658 454 2723 nomine
477 2657 621 2741 supplica
643 2660 674 2723 et
695 2657 884 2743 legationem
902 2659 982 2723 hanc
999 2677 1055 2741 pro
1074 2656 1165 2724 nobis
1184 2675 1308 2740 qnoque

184 2761 367 2828 clementiae
384 2762 496 2846 ipsius,
515 2783 552 2828 ne
571 2763 646 2846 qnid
664 2764 865 2846 subripiatur,
883 2764 1016 2836 insinua.
1036 2764 1174 2829 omnium
1192 2763 1308 2845 pariter

183 2869 327 2950 precibus
349 2869 531 2948 instruatur,
554 2889 592 2934 ne
614 2889 670 2953 per
692 2869 910 2953 occupationes
932 2869 1075 2954 publicae
1094 2868 1192 2953 quieti
1210 2869 1306 2934 ecole-

136 3001 166 3043 ει
184 2973 329 3041 siasticao
355 2975 474 3058 aliquas
501 2975 647 3040 inimicus
680 2974 827 3039 moliatur
856 2974 996 3053 insidias,
1028 2973 1201 3058 integritati
1232 2992 1307 3039 suae

182 3079 419 3146 Alexandrinam
441 3080 531 3146 reddi
551 3081 689 3162 praestet
711 3079 874 3145 ecclesiam
898 3083 930 3145 et
952 3100 970 3145 a
990 3081 1082 3154 beati,
1098 3080 1196 3145 Marci
1214 3097 1307 3144 enan-

270 3304 303 3358 21
323 3304 391 3359 Tim.
409 3305 480 3370 114,
500 3307 516 3359 2

171 3485 173 3487 ,
217 3427 403 3483 Manentibus
421 3427 448 3482 οἳ
500 3427 787 3483 3chrr'stianarurnV
836 3428 987 3482 ldenotio
1006 3427 1033 3480 Β
1085 3426 1248 3482 5adtonita
1271 3421 1302 3488 V,

182 3517 287 3571 atonita
303 3518 342 3571 B:
362 3520 467 3571 attenta
488 3515 551 3572 Gor.
640 3516 860 3572 inisericordia
882 3517 919 3569 V:
939 3516 1028 3570 omnia
1046 3514 1073 3569 Β
1179 3523 1259 3568 cansa
1281 3513 1308 3567 V

181 3610 195 3661 7
223 3605 383 3660 timotheum
412 3607 453 3658 B·
508 3607 525 3660 8
552 3609 709 3676 segregatur
739 3604 766 3659 V
833 3606 850 3660 9
882 3605 1009 3660 acclesiae
1035 3604 1073 3657 ΒΙ
1151 3602 1186 3656 ad
1208 3619 1258 3657 om.
1277 3602 1304 3655 B

180 3693 272 3748 limina
290 3711 340 3750 om.
358 3696 385 3748 B
439 3694 469 3749 11
491 3710 550 3748 cunr
567 3694 706 3747 minariV
775 3694 962 3748 aestimantem
979 3693 1089 3760 scripsi:
1108 3692 1235 3746 estimans
1254 3689 1314 3759 VB¹

182 3782 352 3852 15‘indigete
371 3782 459 3837 doceri
481 3782 508 3836 V
522 3782 600 3852 (corr.
620 3780 666 3848 οἳ),
684 3782 816 3852 indigebo
835 3781 925 3846 doceri
937 3781 964 3834 Β
1016 3781 1097 3850 plana
1111 3799 1128 3832 α
1180 3781 1264 3848 utque
1278 3777 1306 3831 B

181 3873 214 3926 16
241 3871 337 3925 heticie
363 3871 390 3924 Β
496 3870 529 3924 19
555 3870 721 3940 imperatorie
752 3870 815 3923 Coc.
844 3868 1023 3938 (imperatoris
1050 3867 1196 3924 christiam
1223 3867 1304 3933 Bar.)

179 3959 213 4014 20
231 3975 290 4012 curn
306 3971 392 4029 sopra
410 3958 483 4013 linco
499 3958 528 4012 Β
610 3959 645 4012 20
662 3974 700 4029 eq.
719 3958 884 4027 presbiteriis
903 3974 933 4011 as
952 3957 978 4008 B
1065 3957 1098 4010 21
1118 3957 1198 4024 atque
1215 3954 1305 4024 inpor-

180 4048 244 4100 tune
262 4045 301 4100 B:
319 4046 415 4101 om.V
466 4047 500 4100 22
519 4045 667 4116 suplioaV
737 4062 841 4115 qnoque
860 4062 910 4100 om.
924 4043 952 4097 Β
1005 4045 1038 4098 23
1052 4044 1212 4111 subrepatur
1223 4041 1303 4097 Bor„

179 4135 241 4201 sort.
261 4134 399 4205 subripiat,
418 4136 452 4204 cs.
471 4135 593 4190 Indicam
629 4136 663 4189 25
681 4134 879 4204 inlllltegritatie
897 4133 924 4186 Β
960 4135 993 4187 26
1013 4150 1029 4186 a
1048 4149 1099 4188 om.
1123 4129 1151 4186 V

1201 4236 1232 4288 9*
