2904 4672
475 260 559 328 Epist.
576 259 712 312 LXXXIII
730 260 781 313 313
800 289 833 297 —-
851 258 984 311 LXXXIV
1003 261 1026 315 6.
1256 265 1317 326 321

195 456 304 530 tatem,
341 453 379 516 ad
416 453 506 516 cuius
543 456 710 529 auctorem,
748 453 807 516 hoc
844 455 892 516 est
929 454 1140 534 apostolorum
1173 453 1320 536 primum,

196 559 321 624 domino
348 560 496 641 loquente
522 561 722 640 praeceptum
750 563 814 622 est:
841 576 952 640 pasce
980 576 1070 624 oues
1093 578 1202 624 meas.
1228 578 1321 642 quani

196 683 265 730 esse
298 683 370 728 uere
403 664 541 727 omnium
571 663 773 729 ecclesiarum
800 666 953 743 caputet
979 670 1103 746 patrum
1134 665 1260 747 regulas
1291 667 1323 728 et

194 769 371 852 principum
398 771 518 834 statuta
546 768 701 832 declarant
729 771 760 832 ct
781 769 908 849 pietatis
931 772 1053 833 uestrae
1076 769 1322 833 reuerentissimi

164 879 352 942 atestantur
378 876 512 940 adfatus.
541 877 629 957 patet
656 874 753 958 igitur
778 874 809 937 in
834 868 924 938 uobis
948 874 1114 955 impletum
1135 875 1211 950 fore,
1235 874 1318 956 quod
1342 873 1361 934 2

195 982 367 1064 scripturae
393 983 579 1063 loquuntur:
606 999 671 1062 per
696 1000 750 1044 me
778 998 885 1063 reges
908 983 1063 1064 regnant
1086 985 1123 1044 et
1144 984 1320 1063 potentes

195 1088 368 1161 scribunt
392 1087 590 1152 iustiliam.
620 1085 697 1150 nihil
726 1089 776 1151 est
803 1087 895 1161 enim,
928 1086 1012 1168 quod
1042 1087 1159 1151 lumine
1191 1086 1320 1162 clariore

193 1193 397 1278 praefulgeat,
428 1213 521 1275 quam
547 1195 632 1257 recta
653 1191 732 1256 fides
755 1192 787 1256 in
809 1192 962 1274 principe;
985 1192 1064 1256 nihil
1088 1194 1146 1269 est,
1170 1192 1254 1274 quod
1275 1193 1321 1279 ita

193 1302 328 1382 nequeat
368 1298 493 1362 occasui
535 1297 692 1361 subiacere
734 1316 826 1379 quam
866 1315 941 1360 uera
980 1297 1100 1380 religio.
1140 1316 1211 1360 nam
1248 1316 1318 1362 cum

150 1427 176 1468 10
195 1408 353 1470 auctorem
366 1404 450 1468 uitae
464 1404 516 1467 uel
530 1403 658 1467 luminis
676 1405 808 1484 utraque
826 1402 1003 1484 respiciant,
1022 1404 1106 1489 recte
1126 1405 1158 1467 et
1176 1405 1319 1468 tenebras

192 1511 346 1592 respuunt
365 1511 396 1573 et
413 1508 556 1572 nesciunt
578 1508 737 1572 subiacere
761 1506 905 1574 defectui.
952 1525 1044 1589 quam
1064 1507 1103 1571 ob
1120 1495 1202 1585 rem,
1226 1509 1318 1592 glori-
1342 1505 1363 1569 3

193 1615 338 1680 ocissime
360 1613 545 1697 principum,
568 1614 653 1678 uotis
676 1613 819 1677 omnibus
844 1611 1020 1678 exorabitur
1042 1613 1147 1678 diuina
1168 1615 1318 1695 potentia,

190 1722 230 1784 ut
260 1720 410 1802 pietatem
440 1721 578 1784 uestram
609 1719 641 1782 in
672 1719 732 1784 hoc
760 1717 868 1782 ardore
899 1717 982 1796 fidei,
1007 1718 1040 1782 in
1067 1719 1126 1782 hac
1153 1718 1318 1784 deuotione

193 1825 317 1904 mentis,
343 1825 376 1890 in
403 1826 463 1891 hoo
488 1824 627 1908 integrae
653 1823 813 1908 religionis
841 1823 946 1888 studio
974 1824 1040 1888 sine
1058 1823 1192 1889 »delectu
1215 1824 1265 1888 sui
1286 1825 1317 1888 in

154 1952 180 1992 15
193 1934 333 2012 tempora
360 1930 502 2014 longiora
533 1932 711 1994 conseruet:
744 1930 803 1994 hoc
835 1930 917 1993 enim
949 1930 982 1993 ot
1012 1928 1128 1993 sanctis
1161 1928 1316 1993 credimus

194 2036 337 2101 ecclesiis
365 2035 516 2119 expedire.
544 2035 696 2118 scriptum
723 2039 772 2099 est
799 2035 895 2104 euim:
916 2034 1029 2098 labiis
1056 2032 1156 2119 regit
1186 2054 1260 2112 rex,
1286 2038 1317 2098 et

192 2143 324 2207 iterum:
353 2161 414 2207 cor
440 2142 540 2225 regis
567 2142 604 2205 iu
627 2160 734 2205 mauu
757 2140 815 2205 d'si
839 2143 889 2218 et,
918 2140 982 2204 ubi
1004 2140 1184 2216 uoluerit,
1207 2135 1314 2205 inoli-

192 2248 296 2313 nabit
322 2248 429 2315 illuct
456 2247 516 2312 hoo
543 2250 593 2312 est
619 2247 711 2324 enim,
739 2246 822 2329 quod
848 2249 990 2311 uestrum
1012 2245 1116 2325 firmat
1136 2247 1314 2329 imperium,
1337 2243 1358 2312 4

191 2352 261 2430 hoo,
285 2354 369 2437 quod
386 2356 493 2418 uestra
508 2372 603 2437 regna
620 2354 794 2417 conseruat.
812 2371 884 2416 nam
901 2369 960 2434 pax
978 2350 1137 2428 ecclesiae,
1156 2352 1313 2435 religionis

149 2458 295 2523 munitas
323 2460 482 2524 auctorem
508 2458 583 2523 lacti
608 2457 639 2521 in
668 2456 802 2522 sublime
828 2449 1012 2540 prouectum
1040 2458 1129 2541 grata
1151 2456 1212 2521 sibi
1231 2461 1314 2522 tran-

191 2562 347 2646 quillitate
370 2563 519 2629 custodit.
542 2582 641 2646 nequo
664 2563 747 2627 enim
768 2582 866 2645 parua
888 2563 917 2627 ei
934 2561 1121 2627 uicissitudo
1140 2583 1159 2627 a
1175 2559 1356 2645 potentia5

190 2668 298 2736 diuina
322 2669 481 2745 tribuitur,
509 2689 563 2752 per
591 2688 684 2751 quem
705 2669 802 2733 nullis
823 2668 910 2751 mgis
933 2668 1067 2732 ecclesia
1089 2668 1192 2734 diuisa
1214 2688 1312 2734 secer·

188 2773 283 2852 uitur,
315 2774 409 2838 nullis
441 2773 567 2840 insertis
598 2773 730 2838 maculis
761 2772 911 2840 uariatur.
948 2774 1099 2859 scriptum
1135 2777 1185 2839 ost
1219 2774 1311 2854 enim,

189 2878 272 2960 quia,
300 2896 371 2942 cum
399 2898 451 2943 rex
476 2879 581 2944 iustus
609 2877 724 2942 sederit
750 2896 845 2959 supra
871 2878 987 2956 sedem,
1014 2897 1074 2942 non
1097 2879 1313 2944 aduersabitur

138 3010 169 3054 ss
185 2984 219 3049 ‘ci
249 2984 416 3066 quicquam
447 2985 631 3069 malignum.
709 2983 838 3066 proinde
862 2983 1038 3049 serenitatis
1061 2988 1184 3049 uestrae
1207 2985 1312 3068 apices
1335 2987 1355 3051 6

185 3107 243 3173 per
269 3088 442 3172 Hypatium
465 3092 558 3172 atque
579 3089 776 3178 Demetrium
798 3089 1015 3155 sanctissimos
1037 3091 1122 3155 uiros
1145 3091 1256 3156 fratres
1280 3093 1312 3156 et

185 3193 387 3276 coepiscopos
418 3212 505 3258 meos
536 3192 710 3259 reuerentia
746 3197 894 3259 consueta
930 3196 1142 3278 suscepimus:
1179 3215 1310 3278 quorum

185 3299 281 3363 etiam
302 3298 452 3364 relatione
476 3298 693 3383 comperimus,
717 3298 801 3381 quod
822 3299 968 3365 fidelibus
990 3301 1114 3384 populis
1129 3302 1310 3384 proposuis-

271 3504 363 3560 21011.
382 3505 427 3566 21.
446 3505 478 3559 17
549 3504 663 3558 6Prou.
681 3503 707 3567 8,
727 3505 759 3558 15
778 3520 816 3573 sq.
877 3504 909 3559 16
927 3505 1007 3562 Prou.
1027 3505 1068 3568 16,
1087 3506 1120 3569 10
1175 3507 1207 3560 17
1225 3507 1307 3561 Prou.

182 3592 259 3653 aul
315 3591 542 3658 24Pron.20,8

217 3783 234 3836 3
248 3797 310 3837 uere
327 3780 594 3836 GodADeusdedit:
608 3798 671 3842 uero
686 3782 713 3836 V
762 3782 879 3835 omnium
892 3799 955 3836 uere
968 3783 1140 3837 ecelesiarum
1146 3789 1214 3852 trop.
1228 3780 1307 3838 0οά.ι

179 3868 339 3928 Deuadcdit,
358 3869 476 3922 omnium
494 3869 556 3923 eccl.
575 3885 637 3922 uero
655 3866 773 3924 Aliost.x²
848 3870 1008 3924 6locuntur
1024 3871 1052 3924 A
1140 3872 1245 3925 lenim
1264 3874 1307 3925 est

179 3963 247 4024 trsp.
265 3953 384 4009 Aeac!
473 3958 506 4011 14
523 3956 688 4011 delectuiV
761 3959 794 4012 17
812 3957 1000 4012 inclinauitV
1071 3959 1104 4013 19
1123 3963 1262 4014 conseruet
1278 3962 1306 4014 A

178 4045 215 4098 25
234 4044 259 4097 ci
281 4043 308 4097 V
323 4043 488 4099 Deresdeda't:
506 4045 558 4098 sibi
575 4047 603 4099 A
615 4044 679 4099 Cod.
743 4047 777 4100 26
794 4047 914 4116 ypatium
933 4043 961 4099 V
1009 4047 1044 4102 28
1061 4049 1244 4116 proposuisses
1258 4047 1305 4113 A²,

178 4131 357 4202 proposuistis
375 4131 496 4188 Αῑίὲοᾱ.2

232 4252 321 4295 xxxv.
1199 4240 1233 4294 21
