2904 4672
245 236 304 301 XX
661 230 951 299 Prolegomena.

287 425 330 488 Et
350 423 428 488 mihi
450 421 577 505 quidem
593 421 675 503 quid
698 421 736 486 de
759 423 860 485 aetate
883 419 1027 485 oodieum
1046 421 1250 487 statuendum
1268 424 1374 490 uidea-

244 534 306 608 tur,
328 530 458 595 inferius
482 548 646 611 exponam:
669 530 828 610 praestare
851 515 933 591 enim
956 526 1083 591 uidetur
1104 527 1138 591 id
1160 528 1245 610 quod
1268 529 1306 595 (le
1326 531 1372 596 eis

245 635 513 714 demonstraturus
537 652 606 698 sum
631 633 842 698 demonstrare
865 632 1123 718 palaeographiae
1144 633 1283 715 primum
1305 637 1372 718 qui-

244 741 315 806 dem
336 741 424 806 nulla
445 740 565 804 ratione
587 739 704 804 hahita.

286 847 496 911 Inueteratam
522 845 609 910 illam
637 844 674 908 de
701 843 820 909 ratione
848 843 993 908 oodieum
1020 843 1049 906 V
1076 847 1108 909 et
1134 864 1155 906 α
1181 847 1370 914 sententiam

242 953 372 1037 infregit
396 951 573 1018 Guilelmus
602 950 737 1034 Meyer
763 949 929 1033 Spirensis,
956 949 1011 1031 qui
1037 950 1068 1014 in
1094 949 1255 1017 Indieibus
1282 954 1370 1018 seho

241 1058 344 1123 larum
376 1055 637 1141 Gottingensibus
673 1073 824 1119 annorum
862 1055 946 1120 1888
978 1056 1011 1118 et
1042 1056 1164 1139 1888l9
1178 1084 1180 1088 >
1194 1057 1371 1123 luculenter

243 1162 472 1229 demonstrauit
497 1161 525 1224 V
554 1181 590 1226 ex
616 1185 638 1227 α
663 1179 724 1226 non
750 1178 844 1243 posse
871 1159 1065 1245 desumptum
1091 1181 1171 1229 esse.
1206 1163 1260 1244 qui
1291 1183 1369 1247 qnae

242 1269 395 1350 exposuit,
414 1268 460 1332 eis
478 1267 530 1333 hio
547 1285 664 1351 paucos
684 1266 796 1331 addam
812 1266 911 1344 locos,
930 1266 1147 1348 quibusidem
1166 1269 1244 1334 satis
1263 1288 1368 1353 super·

242 1393 302 1457 que
325 1373 553 1457 eomprobatur,
572 1391 627 1439 eos
645 1372 776 1449 scilieet,
795 1371 851 1438 ubi
868 1371 900 1435 in
920 1393 940 1433 α
957 1374 1084 1455 propter
1100 1374 1368 1441 homoioteleuton

240 1480 337 1545 uerba
359 1479 480 1562 aliquot
501 1478 691 1556 exoideruut,
720 1497 799 1560 quae
825 1480 911 1542 reete
936 1477 1085 1562 legrmtirr
1110 1479 1142 1548 iu
1168 1480 1213 1545 V:
1282 1483 1368 1560 350„

234 1605 381 1667 peruerse
412 1589 467 1648 aut
496 1584 629 1666 fideliter
656 1583 798 1647 dubitare
824 1583 868 1647 V:
897 1601 958 1647 om.
987 1604 1009 1646 α
1074 1585 1161 1662 3522,
1176 1588 1368 1666 permittetis

239 1692 384 1756 imminui
406 1711 484 1771 quoe
504 1692 535 1755 si
556 1689 724 1763 turbentur,
742 1687 824 1769 quod
844 1708 906 1752 uou
928 1688 1088 1764 credimus,
1109 1694 1164 1753 out
1184 1693 1369 1758 minuuntur

239 1798 273 1861 iu
291 1797 394 1878 aliquo
408 1796 449 1861 V:
470 1815 530 1860 om.
549 1817 571 1859 α
636 1797 723 1871 364„
739 1795 807 1858 siue
824 1793 1006 1875 baptismate
1022 1815 1180 1860 reueouere
1197 1797 1252 1860 sert
1269 1797 1367 1880 bapti-

238 1907 322 1968 rutoe
344 1904 450 1968 uruat
472 1903 515 1966 od
537 1903 695 1967 dexteram
716 1901 883 1966 soluturusne
908 1920 1000 1965 eume
1023 1898 1187 1990 [reperero]
1208 1923 1367 1986 reperero·

239 2011 320 2074 tiore
341 2009 385 2074 V:
418 2028 479 2074 om.
507 2031 528 2072 α
594 2009 681 2085 419„
707 2009 742 2071 tu
768 2007 900 2071 uictoria
925 2006 979 2070 ubi
1005 2011 1050 2072 est
1074 2027 1157 2072 mors
1184 2008 1226 2074 V:
1259 2027 1322 2075 om.
1345 2033 1366 2074 α

238 2117 326 2191 458„
348 2135 427 2196 quae
447 2118 520 2180 eruet
536 2134 597 2195 pro
619 2119 725 2178 uestro
745 2113 845 2178 solute
866 2111 987 2177 suthuto
1007 2114 1063 2178 sed
1084 2114 1160 2194 quid
1181 2114 1284 2180 diuitis
1309 2136 1366 2180 uos

218 2221 300 2303 *ipat
322 2221 376 2300 que'
398 2219 584 2300 Lupercalia
606 2220 650 2286 V:
674 2238 735 2285 om.
758 2241 780 2282 α
847 2219 933 2294 547,
951 2240 1051 2284 nouae
1069 2239 1141 2284 oues
1156 2225 1295 2300 puerunt
1305 2241 1365 2314 po·

237 2331 333 2392 stores
354 2326 397 2391 V:
422 2346 482 2393 om.
506 2347 526 2387 α
593 2327 680 2401 768„
702 2326 832 2406 exeeptis
854 2326 966 2406 quippe
987 2325 1083 2389 rutero
1105 2330 1133 2389 et
1155 2325 1304 2407 neptalim
1321 2326 1363 2392 V:

237 2451 299 2499 om.
323 2453 343 2493 α

283 2535 374 2616 Quod
395 2536 424 2601 si
444 2535 527 2600 idem
550 2535 656 2620 Meyer
685 2534 825 2600 oodioem
846 2558 868 2599 α
888 2537 1000 2617 utpote
1025 2537 1135 2618 paneis
1158 2537 1277 2603 nullius
1298 2557 1365 2604 mo·

237 2641 336 2706 menti
361 2641 549 2706 lectionibus
579 2639 715 2721 exeeptis
742 2639 822 2704 nihil
847 2639 921 2704 boni
947 2641 1107 2720 ferentem,
1135 2643 1218 2725 quod
1246 2663 1308 2710 non
1333 2651 1365 2712 et

236 2748 305 2831 ipse
336 2749 465 2813 haberet
486 2748 525 2828 V,
554 2767 590 2812 ex
619 2747 679 2813 hoe
706 2746 813 2812 codiee
841 2747 1033 2830 deseriptum
1064 2767 1134 2814 esse
1161 2744 1305 2831 coniecit,
1331 2753 1364 2817 id

238 2873 427 2937 quamquam
450 2853 671 2936 aliquomodo
694 2853 771 2918 feeit
791 2853 961 2935 probabile,
985 2857 1068 2919 certo
1091 2857 1194 2920 tamen
1216 2857 1287 2923 ideo
1313 2858 1364 2924 ‹le-

236 2948 409 3026 monstrure
431 2978 492 3025 uon
514 2960 629 3042 potuit,
654 2959 727 3042 quia
748 2959 913 3040 utriusque
937 2959 1054 3035 oodieis
1077 2960 1121 3024 nil
1140 2961 1201 3027 nisi
1219 2964 1364 3049 exiguam

236 3068 356 3149 partem
378 3066 446 3149 ipse
468 3065 605 3132 habebat
627 3067 793 3131 conlatam.
815 3065 912 3131 immo
936 3066 1032 3131 etiam
1052 3070 1126 3149 post
1147 3086 1193 3146 ea,
1213 3088 1292 3150 quae
1308 3071 1363 3136 ille

236 3171 466 3257 exposuitque
489 3173 557 3237 iure
580 3171 619 3237 ad
642 3191 710 3237 eam
733 3171 848 3254 aliquis
865 3173 1026 3255 peruenire
1043 3172 1148 3256 potuit
1166 3175 1361 3255 sententiam,

235 3279 273 3343 ut
294 3280 462 3361 utrumque
486 3278 625 3343 oodioem
650 3297 687 3343 en
708 3279 866 3343 communi
890 3279 1025 3362 quodam
1047 3279 1214 3362 archetypo
1237 3285 1363 3363 putaret

235 3382 428 3466 descriptum
450 3403 520 3449 esse
542 3384 595 3466 (el.
613 3384 813 3468 Petschenig,
831 3383 920 3450 Neue
938 3385 1047 3468 philol.
1065 3384 1257 3450 Ruudsehau
1275 3387 1361 3466 VIH,

236 3490 332 3569 1888,
355 3508 386 3553 u.
410 3488 476 3574 24).
500 3509 579 3572 quoe
602 3489 728 3572 quidem
751 3489 907 3554 sententie
928 3490 1056 3556 retineri
1076 3510 1137 3556 nou
1156 3492 1272 3575 poterit
1290 3512 1361 3560 eon·

234 3595 378 3662 sideratis
402 3595 458 3673 eis,
483 3613 562 3676 quae
586 3595 623 3659 de
647 3595 769 3660 duobus
792 3594 953 3660 eodieibus
976 3597 1140 3680 proferam.

277 3699 324 3765 Ao
355 3699 491 3785 primum
523 3701 650 3783 quidem
682 3700 823 3786 singulae
854 3700 975 3785 aliquot
1004 3702 1156 3767 leetiones
1191 3703 1309 3770 oodieis
1340 3728 1362 3769 α

234 3805 330 3871 mirae
353 3808 447 3888 atque
470 3805 620 3872 obseurae
643 3807 843 3871 illustrantur
864 3810 958 3891 atque
982 3807 1183 3891 explicantur,
1208 3810 1236 3874 si
1262 3830 1314 3876 ees
1343 3830 1359 3876 e

234 3913 389 3996 scriptura
412 3911 529 3978 oodiois
551 3912 581 3977 V
600 3919 724 3977 exortas
747 3931 817 3978 esse
840 3932 1012 3979 sumamus.
1079 3914 1170 3980 uelut
1193 3917 1246 3993 79,
1265 3917 1294 3980 V
1312 3936 1360 3982 ex-

233 4017 322 4083 hibet
343 4038 431 4097 ausu,
456 4018 512 4084 sed
534 4039 555 4083 u
576 4018 657 4085 iuter
679 4019 879 4085 scribendum
902 4039 938 4084 ex
960 4022 1047 4102 :(=
1061 4020 1101 4106 et)
1129 4025 1267 4086 eorreeta
1294 4026 1359 4088 est:

233 4127 261 4188 et
286 4144 346 4189 usu
377 4145 408 4187 α.
476 4126 552 4198 432,
577 4125 704 4189 suuiuis
730 4124 802 4189 Nou
826 4125 947 4190 heberet
972 4126 1011 4206 V,
1038 4126 1094 4191 sed
1124 4111 1218 4195 huius
1242 4128 1360 4195 codicis
