2904 4672
167 266 208 329 70
312 261 353 315 De
371 259 414 314 his
433 275 501 329 quae
519 258 589 313 inter
606 258 771 312 Bonifatium
790 260 818 311 et
836 256 972 312 Eulalium
990 260 1069 327 gesta
1086 261 1151 312 sunt
1208 301 1211 305 .

165 454 365 520 consiliorum
397 454 568 537 iudiciique
599 455 774 519 maturitas.
807 474 863 519 nec
896 473 968 518 sane
1003 455 1041 519 do
1072 453 1205 518 summis
1233 453 1297 517 cita

165 560 275 626 debuit
298 564 331 625 ot
352 560 458 642 potnit
480 579 549 641 esse
573 561 736 638 sententia,
762 576 851 643 quam
876 563 913 624 nt
936 563 1093 625 aeternam
1115 560 1161 625 ita
1186 559 1295 642 proba-

123 675 142 736 2
165 665 262 731 bilem
277 669 309 730 et
327 677 362 730 er
381 666 464 731 omni
482 669 569 748 parte
588 666 677 731 decet
696 685 764 731 esse
782 667 964 749 perfectam,
1018 666 1099 730 inter
1117 667 1294 749 episcopos,

165 790 243 854 quos
278 772 310 835 in
347 772 422 836 nrbe
460 773 671 837 sacratissima
705 772 879 836 fauentium
921 773 1026 837 studia
1065 773 1119 836 nel
1158 771 1294 855 partium

165 879 314 942 uoluntas
336 879 480 962 elegerat,
505 878 543 941 ab
568 879 711 943 omnibus
735 878 789 962 qui
812 864 940 943 aderant
962 876 1294 943 sacerdotibus-iusse-
1328 897 1341 934 ⁵

164 1002 269 1048 ramus
298 984 397 1048 andini
425 988 457 1048 et
484 984 671 1066 aliquotiens
698 985 811 1049 iterata
837 985 973 1069 cognitio
1002 987 1060 1049 est.
1087 1003 1198 1048 uorum
1221 1004 1294 1050 cum

164 1089 321 1172 longiores
340 1109 442 1154 moras
462 1090 646 1155 examinatio
668 1091 772 1156 iustae
795 1091 982 1176 cognitionis
1005 1090 1127 1154 afferret
1150 1093 1182 1154 et
1202 1091 1295 1172 plura

165 1195 327 1276 inquisitio
354 1195 493 1260 indicum
522 1195 655 1280 diligens
682 1196 846 1271 inueniret,
875 1197 991 1278 quibus
1020 1196 1089 1261 finis
1120 1197 1202 1260 citus
1231 1215 1292 1262 non

164 1303 274 1382 posset
289 1300 417 1384 imponi,
433 1305 465 1364 et
482 1301 633 1365 festorum
652 1301 772 1365 dierum
791 1301 955 1366 celebritas
975 1301 1165 1366 celeritatem
1186 1301 1293 1365 defini-

164 1406 259 1479 tionis
274 1399 461 1488 exposceret,
480 1406 607 1488 nequid
625 1407 825 1471 temerarium
842 1426 1065 1489 promeremus,
1084 1427 1148 1471 rem
1168 1426 1292 1472 omnem
1313 1427 1336 1464 ιο

121 1511 354 1585 3oredidimus
392 1506 599 1577 differendam.
666 1513 782 1578 missus
818 1513 924 1595 itaque
961 1515 1009 1577 est
1042 1513 1205 1577 Achilleus
1242 1514 1294 1577 uir

163 1617 329 1702 religiosus
359 1617 524 1700 opiscopus
548 1617 719 1701 Spolitinae
747 1619 896 1695 ciuitatis,
919 1637 1088 1701 perquem
1112 1621 1291 1683 sanctorum

166 1723 285 1787 diorum
313 1714 475 1788 celebritas
503 1724 695 1807 impleretur.
724 1724 936 1808 amplitudinis
964 1727 1086 1789 uestrae
1114 1726 1163 1789 est
1191 1744 1291 1807 popu-

163 1828 277 1893 larium
303 1831 423 1893 mentes
450 1829 489 1894 ad
512 1829 650 1912 quietem
677 1830 800 1895 consilii
827 1831 1010 1896 salubritate
1041 1831 1182 1899 retinere.
1216 1849 1291 1894 cum

164 1934 356 2024 probabilem
376 1954 411 2000 ac
429 1936 635 2000 necessariam
654 1937 835 2003 dilationem
853 1939 989 2002 nostram
1013 1937 1153 2000 dubitare
1176 1955 1291 2018 neque·
1310 1955 1330 1993 n

167 2039 237 2104 atis.
271 2064 276 2078 ‚
305 2041 387 2105 Data
408 2041 454 2105 Id.
477 2042 569 2106 Mart.

281 2343 291 2374 ἶ
374 2375 507 2420 crusna!
529 2376 684 2421 PRINCIPIS
707 2377 843 2422 sincrum
864 2377 907 2421 AD
931 2376 1078 2422 I‘OPULUII.

208 2477 297 2542 Fidei
329 2497 445 2557 curam,
479 2480 615 2560 Quirites
648 2480 769 2562 optimi,
801 2479 965 2544 maximam
1001 2479 1175 2543 indicantes
1211 2477 1292 2541 nihil

166 2583 316 2648 festinum
339 2588 394 2648 aut
415 2585 607 2650 inmaturum
630 2585 817 2651 credidimus
841 2587 1069 2667 proferendum.
1093 2602 1130 2648 ea
1152 2584 1235 2648 enlm
1257 2583 1288 2647 in
1312 2608 1337 2646 ao

167 2707 261 2754 causa
281 2689 443 2774 religionis
467 2691 590 2756 decerni
613 2710 786 2770 censemus,
811 2710 889 2775 quae
913 2692 979 2756 sine
1003 2709 1103 2756 errore
1126 2709 1162 2753 nc
1189 2708 1290 2772 repro·

123 2811 142 2872 2
166 2794 313 2861 hensione
340 2797 512 2864 sententiae
540 2797 579 2861 ab
608 2798 752 2862 omnibns
775 2798 1022 2880 comprobentur.
1088 2796 1195 2878 itaque
1218 2813 1291 2859 cum

165 2900 195 2964 in
215 2901 393 2985 cognitione
412 2901 449 2966 de
468 2902 634 2985 episcopis,
659 2903 712 2987 qui
734 2903 766 2967 in
790 2904 866 2967 urbe
889 2903 1011 2975 fuerant
1033 2900 1206 2977 constituti,
1231 2900 1290 2965 snb

163 3006 279 3071 iudicio
318 3007 513 3073 sacerdotum
544 3009 724 3074 intentionis
756 3010 897 3074 haereret
932 3008 1115 3092 ambiguum
1147 3025 1204 3071 nec
1240 3025 1290 3070 na-

165 3112 325 3177 scentibus
343 3113 475 3179 subinde
494 3115 597 3179 causis
615 3114 686 3180 linis
705 3115 896 3179 comantibus
915 3114 1028 3179 studiis
1047 3116 1156 3196 posset
1172 3111 1292 3194 imponi
1309 3139 1333 3176 aa

166 3237 200 3282 ao
221 3218 275 3283 diu
292 3219 436 3284 derebus
450 3220 546 3285 uariis
565 3220 745 3285 deliberatio
764 3224 870 3285 nostra
886 3220 1042 3302 penderet,
1062 3218 1133 3291 <in>
1152 3217 1290 3281 futuram

166 3324 375 3409 cognitionem
409 3325 447 3389 ad
483 3326 639 3411 integrum
672 3327 866 3391 sacerdotum
898 3343 1024 3389 numero
1051 3324 1188 3407 pleniore
1220 3340 1290 3387 con-

165 3430 272 3495 cilium
307 3428 398 3495 omne
429 3432 590 3516 negotium
622 3432 843 3497 constituimus
880 3429 1092 3507 differendum,
1123 3430 1161 3492 ut
1197 3445 1291 3492 cansa

166 3556 200 3599 es
233 3537 316 3601 omni
347 3539 433 3618 parte
464 3537 577 3602 librata
608 3537 772 3602 transactis
803 3539 936 3619 paschae
969 3535 1078 3600 diebus
1110 3534 1288 3610 terminum,

202 3704 284 3755 lnec
302 3702 387 3754 Bar:
404 3718 438 3755 ne
461 3702 487 3756 V
537 3690 635 3772 bepms
654 3719 687 3757 eoo
704 3686 805 3772 epssV
846 3704 861 3756 7
876 3701 984 3756 iusteV
1025 3702 1056 3756 14
1069 3698 1288 3753 salubriterBor.

200 3788 248 3842 24.
280 3788 352 3845 Dat.
372 3789 574 3845 die15c1art.
596 3793 656 3844 419.
740 3787 795 3845 Ed.
815 3791 884 3847 Bor.
903 3790 942 3844 od
960 3807 986 3844 o.
1007 3786 1067 3855 419,
1086 3792 1128 3842 18.
1193 3787 1227 3840 23
1246 3803 1288 3839 co·

165 3879 292 3947 gnatione
319 3878 350 3942 V,
374 3894 449 3946 corr,
466 3877 493 3930 o²
564 3879 596 3933 de
613 3880 723 3949 Meyer?
740 3896 818 3948 quam
837 3877 869 3932 de
892 3878 918 3931 V
935 3879 983 3944 (of.
1001 3895 1028 3946 p.
1051 3881 1090 3943 71,
1109 3880 1156 3944 12)
1211 3875 1245 3930 26
1262 3874 1288 3926 in

164 3967 281 4020 inserui:
300 3972 350 4020 aar
365 3966 429 4028 <ad>
447 3967 496 4022 fut.
516 3985 593 4037 cogn.
614 3969 641 4022 et
653 3967 716 4030 (ad)
728 3968 898 4021 scabendum
916 3972 967 4020 aut
979 3965 1096 4018 futuram
1109 3964 1288 4033 cognitionem

162 4055 306 4108 ‘dolendum
325 4071 378 4109 ease
396 4057 498 4110 censuit
514 4056 609 4126 Meyer
661 4044 695 4108 27
714 4055 852 4108 consilium
875 4054 907 4119 V,
926 4070 992 4109 corr.
1011 4053 1105 4122 Meper·
1154 4053 1187 4106 29
1204 4054 1287 4122 trans·

165 4147 224 4214 acte
247 4144 278 4208 V,
297 4159 363 4198 corr.
381 4144 451 4199 Bor.
