2902 4672
536 267 623 338 apres.
641 266 741 323 xeurr
758 269 872 325 ιιι-ιιι.
1053 253 1058 262 “
1210 276 1274 340 415

143 459 298 531 interioris
326 462 484 524 creaturae
512 479 586 524 suae
618 461 785 528 miseratus
817 462 976 540 offensam,
1010 463 1092 545 quod
1124 465 1274 547 spiritalis

143 567 330 644 substantia,
358 586 437 648 qnae
465 569 496 631 et
520 568 566 629 sui
592 569 624 630 et
645 567 775 631 alterius
798 571 993 648 processerat
1015 569 1084 651 ipsa
1106 570 1273 654 deceptrix,

143 677 237 756 atque
260 674 292 736 in
316 692 374 738 sua
396 672 535 754 nequitia
556 691 758 754 perseuerans
782 673 907 738 omnino
931 675 1079 756 consequi
1101 674 1196 761 digna
1213 697 1274 744 non

143 779 253 856 tuerat,
267 781 407 843 terrenae
426 776 613 843 conditionis
633 780 665 842 et
681 797 736 861 per
753 778 895 843 fraudem
914 779 1062 862 deceptae
1081 782 1273 850 substantiae

113 889 285 950 enatarem
307 885 423 967 pariter
444 885 614 949 clementer
635 885 777 968 suscepit
799 888 832 950 et
854 904 982 951 eausam
1000 886 1117 970 sicque,
1136 892 1173 954 ut
1191 909 1273 955 nunc

143 992 280 1057 breuiter
306 991 507 1073 explicemus,
533 991 711 1072 conpetenti
733 993 854 1074 lapsam
879 992 1109 1074 dispensatione
1131 1014 1272 1078 reparare

142 1117 327 1182 proponens,
368 1100 406 1162 ut
440 1096 471 1160 in
509 1114 543 1160 se
580 1096 648 1180 ipso
684 1097 761 1161 baec
798 1098 906 1162 eadem
944 1103 1065 1179 natura,
1103 1121 1182 1183 qnae
1217 1123 1272 1186 per

142 1203 404 1270 inoboedientiam
453 1203 563 1269 mortis
613 1205 744 1283 (orat),
784 1204 899 1269 rediret
941 1205 980 1270 ad
1024 1206 1141 1272 uitam:
1184 1210 1271 1276 solus

142 1310 210 1392 ipse
246 1308 367 1394 peccati
402 1309 527 1380 nescius
563 1309 598 1373 in
632 1310 819 1388 substantia,
861 1330 955 1393 quam
994 1315 1067 1394 poet
1106 1317 1271 1396 peceatum

99 1437 125 1478 ro
141 1416 375 1482 restaurandam
414 1416 536 1500 potenti
571 1415 764 1501 benignitate
801 1421 992 1499 susceperat,
1028 1421 1066 1482 ut
1100 1419 1271 1486 indebitam

142 1525 286 1601 mortem,
309 1542 404 1605 quam
427 1522 493 1586 sine
517 1525 645 1605 peceato
669 1523 780 1604 utique
804 1542 864 1587 non
888 1523 1030 1602 debebat,
1053 1544 1108 1607 pro
1132 1525 1192 1604 his,
1217 1528 1270 1609 qui

145 1640 248 1713 (per)
273 1630 437 1714 peccatum
461 1628 616 1693 debitores
639 1628 748 1692 mortis
773 1629 946 1707 extiterant,
970 1629 1140 1713 imputaret
1162 1632 1270 1697 simul·

144 1755 204 1818 que
236 1734 396 1799 diabolum
427 1733 562 1798 hominis
594 1734 803 1816 deceptorem,
836 1735 890 1817 qui
927 1737 1172 1802 consentientem
1209 1740 1270 1804 sibi

143 1840 306 1907 subditum
333 1859 388 1924 per
415 1839 552 1904 diuinam
579 1840 706 1904 tenebat
727 1841 794 1904 iure
818 1841 1015 1918 seutentiam,
1038 1861 1094 1926 per
1115 1842 1269 1909 iustitiam

100 1971 126 2012 re
143 1947 223 2014 nibil
250 1947 279 2011 ei
301 1946 428 2011 reddere
451 1946 514 2009 iam
537 1944 703 2010 debentem
726 1981 769 2012 es
791 1949 823 2010 et
847 1966 919 2012 oum
943 1946 1111 2012 occidisset
1133 1967 1215 2032 eum,
1237 1950 1269 2014 in

145 2072 237 2136 quem
274 2051 340 2117 sine
375 2053 504 2135 peccato
535 2051 695 2115 licentiam
727 2071 787 2116 non
820 2052 965 2132 habebat,
996 2054 1108 2118 merito
1141 2056 1169 2118 ei
1200 2056 1269 2121 nice

79 2235 80 2238 Ἴ
143 2163 256 2225 mutua
282 2160 504 2242 subiugaretur
526 2158 681 2228 addictus,
705 2159 820 2241 quique
844 2178 878 2224 se
900 2159 1052 2224 humanae
1075 2161 1269 2226 substantiae

142 2267 253 2350 utpote
287 2265 430 2348 captiuae
466 2283 541 2329 suae
574 2263 736 2329 dominum
768 2264 922 2346 deumque
953 2264 1100 2343 iactabat,
1132 2267 1206 2331 huic
1238 2268 1269 2330 et

125 2371 227 2437 iusto
258 2371 374 2455 pariter
404 2373 435 2434 et
466 2369 524 2435 deo
551 2389 626 2436 uero
654 2372 764 2434 mutuo
792 2368 986 2436 subderetur.
1013 2370 1161 2435 intererat
1187 2371 1320 2437 enim36

98 2504 124 2546 so
142 2476 311 2560 aequitatis
338 2477 505 2554 inmensae,
533 2478 571 2540 ut
596 2495 656 2541 non
680 2475 811 2559 abrupte
835 2475 942 2540 diuina
962 2476 1103 2557 potentia
1125 2476 1267 2543 diabolus

141 2581 197 2648 sed
231 2583 332 2667 ipsius
368 2582 502 2647 hominis
539 2581 643 2659 etiam,
681 2599 775 2662 quem
811 2600 845 2646 se
880 2581 1088 2664 prostrauisse
1121 2583 1267 2660 iactabat,

139 2687 264 2754 iustitie
286 2689 472 2753 uinceretur.
496 2687 611 2768 quibus
633 2704 693 2750 non
718 2687 795 2751 satis
813 2687 925 2751 habuit
941 2690 1100 2770 reparator
1117 2689 1268 2767 excelsus,

141 2796 177 2859 ut
203 2795 271 2879 ipse
297 2794 515 2860 tantummodo
543 2793 573 2857 in
602 2811 637 2857 ea
667 2794 786 2869 natura,
815 2811 909 2874 quem
938 2796 1124 2877 sumpserat.
1148 2798 1271 2878 gereret

141 2898 180 2965 de
202 2900 294 2966 hoste
316 2899 444 2963 hnmani
467 2898 590 2982 generis
609 2897 693 2962 hunc
711 2897 907 2980 triumphurn
926 2895 1015 2983 (quid
1034 2898 1116 2963 enim
1134 2902 1270 2982 praesta·

97 3032 123 3074 se
140 3009 226 3071 retur
260 3006 424 3070 uniuersae
460 3007 583 3069 nostrae
620 3007 789 3082 creaturae,
825 3003 853 3069 si
889 3003 991 3068 uictor
1026 3003 1141 3070 diaboli
1182 3006 1269 3070 solus

142 3111 285 3178 Christus
322 3104 521 3195 existeret?):
558 3110 669 3174 tribuit
704 3128 777 3193 ergo
813 3108 962 3196 fidelibus
1001 3109 1067 3174 suis
1108 3111 1271 3194 dignanter

140 3217 281 3282 inmensa
297 3217 415 3300 pietate
434 3217 635 3294 consortium,
655 3215 766 3280 tribuit
783 3234 839 3299 per
856 3214 989 3299 gratiam
1007 3234 1096 3279 suam
1114 3216 1269 3297 fidemque

176 3440 362 3497 teubstantia
380 3456 413 3494 ec
431 3439 583 3493 substantia
600 3455 669 3494 corr.
693 3440 719 3492 V
751 3439 868 3508 3atque
885 3437 1028 3492 delendum
1045 3437 1155 3491 uidetur
1215 3457 1268 3494 non

141 3546 226 3599 supra
245 3530 319 3584 linea
337 3529 363 3583 V
404 3529 420 3582 6
435 3528 633 3598 dispensatione
647 3545 680 3583 ec
694 3527 892 3598 dispensatione
911 3528 938 3583 V
988 3528 1004 3581 7
1021 3517 1162 3597 proposuit
1178 3527 1268 3583 Oouet.

142 3618 159 3672 8
184 3621 278 3672 mortis
308 3620 396 3676 <erat>
423 3616 532 3684 scripsi:
559 3616 654 3669 mortis
677 3615 709 3679 V,
734 3619 839 3669 mortua
862 3617 920 3670 erat
944 3615 1043 3679 Cesset,
1062 3617 1167 3669 mortue
1189 3616 1288 3670 rotet>

142 3708 159 3760 9
176 3709 270 3775 peccat
287 3706 315 3759 iu
334 3722 362 3759 ee
381 3705 453 3758 seius
477 3704 504 3767 V,
528 3720 595 3758 eor-r.
622 3703 701 3757 Tts'el
790 3703 822 3756 10
845 3705 999 3772 susceperat
1014 3697 1170 3773 <appareret
1189 3700 1268 3757 Tbs‘et

144 3794 242 3863 12·per
260 3792 325 3848 add.
347 3792 420 3849 Car..
439 3791 472 3843 ob
493 3788 520 3861 ρ2
618 3791 650 3843 14
672 3789 806 3843 iustitiam
821 3786 981 3859 (spoliaret)
999 3788 1102 3844 Oouete
1128 3805 1174 3858 epo
1196 3796 1269 3842 certo

141 3881 245 3936 medela
265 3895 323 3934 non
345 3883 500 3948 suppetente
521 3879 591 3932 sctis
614 3877 700 3931 babeo
717 3881 783 3945 poet
805 3876 947 3931 debentem
970 3877 1106 3932 indicasse
1130 3877 1268 3943 lacunam,

142 3986 198 4038 quc
210 3973 322 4037 praeter
338 3967 449 4020 cubum
466 3965 583 4034 aliquod
598 3965 675 4019 uelut
692 3965 813 4018 uinceret
830 3963 879 4033 (sic
900 3963 1032 4029 Ttts'eb'ue)
1051 3965 1169 4031 fortasse
1185 3964 1268 4020 etiam

143 4056 203 4111 otia
226 4055 383 4110 ecciderunt
454 4055 485 4108 15
508 4055 537 4106 et
554 4052 593 4104 V:
617 4055 648 4106 ut
674 4052 764 4106 Ooust.
846 4051 878 4104 17
902 4049 1026 4105 addictus
1048 4068 1077 4104 o:
1100 4048 1222 4126 edirttus
1244 4051 1272 4106 V

141 4144 307 4213 nostrapte
329 4142 357 4197 V
406 4142 440 4196 25
458 4145 569 4195 naturae
587 4145 681 4195 temen
701 4139 822 4193 Tbietiue
