2904 4672
149 233 152 239 ι
177 257 242 321 366
353 251 475 307 Gelasins
492 252 514 306 Ι.
533 255 626 306 contra
642 252 815 321 Pelagianam
831 253 963 307 haeresim
981 252 1016 306 ad
1032 253 1146 308 Picenos

105 483 107 487 ·
177 448 245 512 lus:
265 446 388 531 gratia
406 447 476 523 est,
497 458 588 528 quae
608 445 726 528 gratis
747 445 868 522 datur;
889 446 1057 529 alioquin
1077 448 1109 511 si
1128 466 1169 513 ex
1188 451 1302 532 operi-

177 555 260 632 bus,
281 553 403 637 gratia
421 552 492 616 iam
515 570 583 616 non
608 556 664 619 est
687 552 816 634 gratia,
841 553 913 633 qnia
935 572 1053 618 merces
1072 554 1224 633 redditur,
1244 576 1302 621 non

126 657 166 721 27
178 659 276 744 gratis
303 659 397 742 (unde
416 658 536 742 ‘gratia‘
557 676 667 722 nomen
691 656 823 743 accepit)
846 659 1045 740 impenditur.
1101 663 1172 742 quis
1196 667 1302 726 eutem
1341 733 1343 736 ,

177 766 289 831 audeat
299 784 333 831 se
342 765 442 829 dicere
450 762 644 828 Christianus
655 764 1053 845 aliquidhaberebonisine
1061 768 1301 851 gratia,quando

176 872 328 956 magister
355 869 497 956 gentium
525 870 638 934 clamet
665 873 777 935 cuncta
802 871 940 936 breuiter
961 871 992 935 in
1017 891 1050 937 se
1074 873 1154 938 dona
1177 877 1301 940 conclu·
1328 893 1340 933 s

178 979 270 1043 dens:
301 976 422 1062 gratia
449 975 508 1040 dei
536 993 613 1040 sum
639 975 688 1052 id,
714 975 810 1058 quod
833 996 929 1055 sum,
954 981 991 1042 et
1014 979 1136 1062 gratia
1160 980 1242 1045 eius
1264 980 1300 1044 in

177 1104 231 1149 rne
254 1102 371 1148 uacua
394 1101 461 1147 non
484 1080 573 1158 fuit,
597 1084 634 1145 ut
657 1081 842 1161 ostenderet,
867 1083 940 1165 qnia
963 1083 1079 1149 donum
1103 1086 1221 1169 gratiae
1241 1105 1300 1151 non

96 1276 97 1280 Ἰ
175 1191 244 1272 ipse
278 1188 484 1271 praecesserit
517 1188 571 1251 sed
606 1187 700 1251 fuerit
735 1188 947 1254 subsecutus?
983 1193 1080 1272 utque
1116 1194 1301 1257 monstraret

53 1373 56 1380 .
178 1297 408 1378 cooperatorem
441 1313 474 1358 se
507 1293 624 1379 gratiae
658 1285 902 1376 subsequendo,
921 1295 983 1379 sed
1013 1295 1098 1378 plus
1131 1297 1299 1362 omnibus

175 1401 279 1485 inquit
299 1400 380 1465 illis
403 1400 581 1478 laboraui,
606 1418 640 1464 ac
659 1419 767 1464 rursus
786 1401 916 1477 ueritus,
934 1420 973 1465 ne
992 1401 1030 1465 de
1050 1421 1083 1466 se
1101 1421 1299 1485 praesumere
1315 1425 1339 1468 ro

176 1508 345 1583 uideretur,
370 1507 526 1571 adiunxit:
549 1527 622 1571 non
646 1525 729 1590 ego,
753 1505 817 1570 sed
841 1507 961 1590 gratia
984 1507 1042 1571 dei
1064 1527 1216 1576 mecum.
1240 1528 1299 1574 non

176 1614 253 1678 dixit
274 1615 342 1697 ‘ego
366 1619 397 1676 et
419 1613 519 1697 gratia
541 1613 591 1676 dei
613 1614 758 1689 mecnm’,
782 1612 837 1676 sed
859 1613 1039 1695 praeposuit
1060 1615 1192 1697 gratiam
1216 1633 1300 1698 prae·

124 1719 165 1782 28
176 1720 336 1785 cedentem
367 1737 496 1800 seseque
529 1718 698 1783 subiunxit.
753 1718 956 1800 pulsantem
979 1719 1086 1784 haberi
1107 1721 1212 1802 possit
1235 1720 1299 1784 sine

176 1824 285 1909 gratia,
314 1843 385 1911 cum
413 1825 456 1888 sit
481 1824 559 1889 fides
585 1825 655 1908 ipsa
682 1844 737 1907 per
763 1825 905 1908 gratiam,
934 1825 1042 1890 eodem
1070 1825 1212 1907 apostolo
1245 1845 1300 1891 nos
1361 1845 1363 1848 ’

175 1929 320 1996 docente:
357 1929 652 1993 misericordiam
690 1933 915 2003 consecutus
956 1951 1050 2015 surp,
1090 1934 1132 1996 ut
1167 1931 1336 1996 fideliss

175 2039 314 2099 essem?
354 2053 411 2099 neo
452 2035 537 2098 aliud
578 2040 627 2100 est
665 2037 878 2112 misericordia
919 2036 1026 2101 diuina
1061 2056 1155 2118 quam
1191 2037 1299 2121 gratia

175 2141 347 2205 audiamus
371 2140 474 2218 etiam,
507 2141 767 2223 quemadmodum
796 2141 944 2223 informat
970 2142 1152 2230 ecclesiam:
1181 2142 1301 2227 gratia

173 2245 277 2328 inquit
303 2244 400 2310 salui
428 2246 519 2311 facti
547 2246 651 2312 estis
667 2266 731 2329 per
757 2247 884 2324 fidem,
912 2251 949 2312 ut
974 2248 1164 2331 principium
1187 2248 1299 2313 salutis

175 2354 206 2415 et
236 2351 309 2415 fidei
337 2351 481 2435 agretia
508 2352 648 2434 coepisse
676 2351 851 2432 dissereret,
878 2353 962 2419 siout
988 2341 1116 2418 secutus
1144 2355 1298 2419 annectit:

175 2460 211 2520 et
245 2457 313 2521 hoc
345 2477 418 2540 pon
455 2457 652 2534 err-uobis,
691 2459 754 2523 sed
791 2458 849 2522 dei
886 2459 1018 2523 donum
1055 2462 1126 2537 est,
1158 2479 1229 2524 non
1262 2479 1336 2524 erro

96 2553 98 2558 ’
175 2563 365 2646 operibus,
391 2583 435 2628 ne
463 2563 545 2644 quis
573 2564 786 2629 extollatur.
812 2564 897 2629 idem
924 2564 992 2652 ipse
1016 2565 1091 2630 alibi
1114 2567 1300 2650 generaliter

175 2671 210 2733 et
225 2668 370 2734 absolute
385 2669 567 2752 pronuntiat
585 2669 706 2735 dicens:
731 2670 820 2752 quid
842 2670 938 2742 enim
959 2671 1087 2748 hebes,
1112 2672 1209 2754 quod
1232 2691 1299 2737 non

174 2775 383 2858 accepisti?
413 2778 476 2840 aut
504 2776 535 2840 si
563 2776 762 2858 accepisti,
791 2776 878 2858 qnid
901 2777 1077 2860 glorieris
1101 2777 1210 2859 quasi
1232 2796 1298 2842 non
1352 2774 1354 2777 ’

121 2883 163 2946 29
174 2881 386 2965 acceperis?
432 2881 503 2963 quis
523 2881 660 2946 sufficiat
677 2881 803 2964 singula
820 2901 989 2961 recensere,
1008 2882 1122 2964 quibus
1141 2882 1301 2947 euidenter

173 2991 300 3072 apparet
326 3006 387 3052 non
415 2987 565 3052 naturalis
592 2986 746 3052 libertatis
775 2987 938 3052 arbitrium
968 2988 1099 3071 gretiam
1131 2989 1299 3070 promereri
1314 3012 1337 3053 n

174 3094 227 3158 sed
245 3094 353 3175 potius
371 3112 427 3175 per
444 3093 578 3176 gratiam
594 3092 731 3175 recipere
753 3096 790 3170 ut
808 3113 826 3158 a
844 3093 1007 3172 seruitute,
1028 3111 1121 3174 quam
1143 3094 1298 3177 peccando

113 3266 115 3269 ,
172 3202 336 3274 meruerat,
358 3199 600 3263 misericorditer
622 3199 824 3287 absolutum?
847 3198 941 3263 huius
960 3199 1143 3264 sacramenti
1161 3199 1322 3282 redemp.

172 3303 257 3368 tione
281 3306 351 3368 ante
369 3303 477 3368 mnndi
494 3304 680 3387 principium
699 3304 886 3387 sempiterna
902 3304 1099 3393 prouidentia
1115 3304 1298 3388 praeparati,

174 3408 242 3473 siue
264 3409 402 3475 nondum
424 3410 546 3492 prolata
566 3411 635 3493 lege
659 3429 716 3474 seu
741 3410 799 3474 sub
824 3410 1041 3475 obseruatione
1062 3411 1169 3496 legali,
1187 3410 1298 3495 ligura-

173 3514 256 3579 libus
295 3514 393 3600 signis
430 3517 523 3598 atque
560 3515 719 3580 sacrificiis
761 3517 899 3579 omnium
940 3506 1129 3579 sanctorum
1160 3515 1298 3581 uirorum
1312 3543 1335 3584 so

262 3755 329 3811 ici.
347 3755 423 3811 Rom.
443 3756 521 3822 11,c
557 3754 873 3825 6sqq Cor.115,10
911 3756 942 3810 15
962 3755 1098 3823 Conl'l,
1115 3757 1150 3810 25
1192 3759 1226 3811 17
1241 3774 1297 3827 sqq.

173 3844 320 3916 elprae
374 3845 408 3898 22
427 3843 596 3922 Cor.14,t
914 3864 915 3868 ¹

209 3969 336 4026 2mercis
359 3968 391 4034 V,
410 3985 511 4024 como
601 3967 634 4021 ‘5
656 3965 786 4021 clamato
891 3968 1014 4038 suune
1036 3967 1150 4036 scripsi:
1172 3972 1255 4037 atque
1276 3967 1300 4020 V

173 4058 338 4120 9se<esse>
353 4059 416 4112 Oar'.
454 4057 487 4111 10
504 4055 645 4125 inquidV
680 4056 713 4110 19
731 4056 833 4125 cepisse
856 4055 1002 4126 Kome
1038 4057 1076 4110 at
1090 4056 1245 4111 absolutum
1263 4055 1297 4110 Vr

173 4146 325 4202 absolutum
337 4146 439 4208 (esset)
454 4143 526 4228 Gar..
538 4147 541 4151 ’
961 4183 963 4188 ,
1290 4178 1292 4182 ι
