2904 4672
151 257 214 320 318
418 253 512 324 Uigilii
532 254 706 306 constituturis
727 253 760 308 de
779 252 864 318 tribus
882 254 1007 323 capitulis

151 446 338 529 synodorum
379 449 412 510 et
451 445 616 510 earundem
663 445 853 509 uenerabilis
897 447 1068 511 constituta
1112 447 1269 530 dispositis

149 570 304 617 memores
345 553 497 634 scriptum
538 570 607 614 esse
646 551 796 614 terminos
837 555 960 634 patrum
1000 555 1179 618 nostrorum
1218 575 1269 622 nos

148 658 364 722 transcendere
390 676 451 722 non
474 656 584 721 debere
608 656 777 720 statuimus
801 661 894 739 atque
917 658 1111 723 decernimus
1134 660 1214 725 nulli
1235 660 1270 726 ad

149 755 271 829 ordines
299 766 331 829 et
357 763 525 846 dignitates
549 763 779 828 ecclesiasticas
802 763 968 845 pertinenti
990 764 1084 829 licere
1107 765 1270 848 quicquam

149 870 336 935 eontrarium
372 870 432 945 his,
469 887 547 950 quae
584 869 739 950 praesenti
780 869 972 935 asseruimus
1009 871 1062 934 uel
1102 872 1304 935 statuimusr

149 977 319 1042 constituto
348 975 385 1039 de
413 993 505 1056 saepe
534 974 626 1038 dictis
654 974 753 1038 tribus
781 993 906 1040 censere
937 976 1082 1057 capitulis
1113 982 1172 1041 aut
1203 996 1269 1041 con·

150 1081 282 1146 scribere
308 1081 360 1145 uel
387 1079 523 1162 prolerre
551 1083 605 1144 ant
632 1098 816 1162 componere
843 1081 894 1145 uel
917 1080 1026 1145 docere
1049 1085 1105 1146 aut
1137 1082 1269 1164 aliquam

61 1175 125 1242 306
147 1190 220 1270 post
241 1190 434 1270 praesentem
458 1185 667 1250 definitionem
690 1203 816 1250 mouere
839 1186 971 1250 ulterius
994 1187 1221 1268 quaestionem.
1246 1189 1271 1253 si

148 1292 223 1376 quil
249 1310 323 1356 uero
351 1292 388 1356 de
416 1292 533 1356 eisdem
559 1291 660 1356 tribus
688 1291 834 1372 capitulis
862 1292 1081 1369 contraham,
1110 1312 1190 1375 quae
1221 1296 1271 1359 hic

147 1399 338 1465 asseruimus
360 1399 413 1463 uel
435 1397 613 1473 statuimus,
637 1396 760 1461 nomine
784 1397 1008 1479 cuiuscumque
1032 1398 1070 1462 ad
1094 1399 1218 1465 ordines
1242 1404 1272 1465 et
1287 1427 1308 1466 u

148 1505 314 1590 dignitates
355 1503 583 1568 ecclesiasticas
623 1502 807 1586 pertinentis
852 1503 970 1567 factum
1014 1503 1135 1571 dietum
1180 1510 1271 1588 atque

147 1611 357 1692 conscriptum
380 1611 431 1673 est
451 1608 504 1673 uel
526 1608 622 1672 iurarit
644 1612 676 1672 et
698 1626 716 1670 a
740 1609 880 1690 quolibet
897 1609 1085 1692 ubicumque
1103 1614 1270 1693 repertum,

146 1719 205 1783 hoc
233 1716 334 1781 modis
361 1714 505 1780 omnibus
534 1732 569 1777 er
597 1713 781 1777 auctoritate
808 1713 892 1777 sedis
921 1714 1120 1796 apostolicae,
1145 1717 1196 1779 cui
1218 1735 1272 1799 per

147 1821 344 1906 deigratiam
362 1819 585 1902 praesidemus,
605 1819 777 1883 effetamus.
822 1838 990 1886 urrunnun

59 1917 121 1982 307
188 1949 227 1992 nr
251 1943 458 1992 sussomrrro:
480 1924 613 1989 quenta
640 1924 697 1988 deo
721 1927 754 1988 et
774 1943 829 2006 per
850 1925 950 2006 ipsius
978 1925 1110 2009 gratiam
1133 1926 1271 2011 Uigilius
1288 1959 1310 2001 ι,

146 2035 310 2117 episcopus
333 2034 458 2096 sanctae
485 2031 634 2096 ecclesiae
662 2030 832 2095 catholicae
855 2030 941 2094 urbis
963 2029 1079 2095 Romae
1103 2033 1178 2097 huic
1201 2052 1272 2099 con-

146 2142 257 2205 stituto
281 2141 386 2203 nostro
410 2137 592 2220 subscripsi.
1197 2131 1199 2136 ’

59 2243 122 2308 308
188 2265 227 2310 nr
247 2261 503 2310 sunscnrerrouns
526 2261 749 2308 nrrsooronru:
1101 2300 1103 2304 .

188 2351 340 2416 Iohannes
377 2348 542 2431 episcopus
579 2346 728 2411 eeclesiae
768 2346 943 2412 Marsorum
984 2348 1056 2413 huic
1097 2351 1272 2416 constituto

145 2458 340 2522 consentiens
364 2454 540 2535 susscripsi.
1288 2489 1313 2530 so

190 2561 346 2627 Zachaeus
379 2559 544 2641 episcopus
577 2557 727 2622 ecclesiae
760 2557 958 2641 scyllacenae
990 2559 1063 2622 huic
1095 2562 1272 2627 constituto

146 2666 340 2732 consentiens
364 2663 522 2746 suscripsi.

187 2772 299 2837 Pastor
319 2769 530 2835 misericordia
548 2769 599 2834 dei
616 2770 781 2852 episcopus
801 2770 950 2834 eeclesiae
968 2770 1138 2836 laoniensis
1157 2777 1272 2838 metro·

143 2878 225 2960 polis
246 2877 321 2943 huic
344 2874 515 2941 constituto
539 2875 734 2939 consentiens
759 2873 918 2956 suscripsi.

57 2985 120 3049 309
188 2983 372 3050 Uineentius
401 2982 566 3065 episcopus
591 2980 803 3063 Claudiopolis
826 2983 1034 3062 metropoleos
1058 2982 1132 3046 huic
1157 2985 1271 3048 consti·
1288 3017 1311 3056 ι,

144 3092 213 3153 tuto
238 3087 432 3153 consentiens
456 3085 617 3167 suscripsi.

183 3195 345 3264 Zachaeus
382 3192 547 3275 episeopus
583 3194 711 3274 rogatus
749 3211 767 3255 a
796 3192 889 3256 fratre
921 3190 1087 3258 Ualentino
1120 3195 1268 3279 episcopo

144 3301 292 3365 ecclesiae
325 3298 429 3364 Siluas
462 3297 617 3364 Candidas
649 3298 716 3380 ipso
749 3301 908 3379 praesente
933 3301 968 3364 et
995 3301 1209 3365 consentiente
1230 3306 1270 3373 ,et

144 3406 221 3470 milri
244 3406 379 3471 dictante
401 3405 475 3470 hnic
498 3405 668 3469 constituto
690 3424 746 3486 pro
769 3406 837 3486 ipso
861 3406 1020 3486 suscripsi.
1255 3480 1257 3485 ,

186 3511 325 3575 lulianus
349 3511 476 3577 humilis
501 3511 666 3592 episcopus
687 3511 834 3575 eeclesiae
854 3510 1043 3594 Cingulanae
1062 3511 1135 3576 hnic
1154 3514 1267 3577 cousti-
1284 3544 1307 3583 m

143 3621 212 3682 tuto
236 3617 429 3681 consentiens
453 3617 633 3698 subscripsi.
1042 3638 1044 3643 ¹
1239 3614 1241 3618 ’

232 3842 247 3895 2
265 3841 344 3897 Prou.
365 3843 406 3905 22,
426 3842 459 3896 28

179 3965 195 4018 8
221 3966 330 4019 alterius
359 3965 389 4028 V,
412 3980 480 4020 corr.
499 3965 567 4018 Bar.
624 3966 656 4018 12
682 3967 833 4034 reppertnm
858 3965 884 4017 V
936 3967 969 4019 14
987 3965 1134 4019 refutamus
1154 3965 1181 4018 οἳ
1197 3967 1265 4020 Bar.

147 4055 176 4107 14
194 4069 231 4122 aq.
250 4050 503 4120 sil-nu-l-nnvl'r
520 4072 551 4108 er
571 4071 734 4108 sussournrro
754 4053 820 4122 af'or
844 4053 870 4106 V
940 4056 972 4108 15
991 4060 1090 4108 uuaute
1114 4055 1144 4120 V,
1163 4072 1230 4110 corr.
1251 4074 1264 4106 o

146 4142 177 4194 la
195 4141 417 4211 subscriptionem
441 4142 471 4207 V,
490 4159 558 4197 corr.
578 4142 605 4194 o²
