2904 4672
587 237 876 306 Prolegomene.
1218 238 1294 312 XXI

164 433 312 500 librarius
339 432 469 514 quintus
495 431 633 495 litteram
655 429 690 494 N
709 431 864 495 unoialem
891 434 929 495 ut
951 430 1032 495 solet
1055 430 1150 495 etiem
1171 429 1223 495 hio
1246 431 1292 496 sio

165 541 229 606 fere
251 537 351 623 pinxit
370 544 415 615 a,
438 540 475 601 ut
500 535 616 601 litteris
638 535 791 618 sealiquo
814 536 908 602 modo
935 536 1050 602 similis
1077 535 1135 616 sit:
1166 537 1292 601 semiao‘s

165 647 192 727 si
217 665 258 710 oa
284 643 404 708 leodem
426 665 455 709 α.
523 644 608 718 4652-
621 662 714 723 quom
741 642 795 727 qai
822 643 857 737 ia
878 640 933 706 doc
952 638 1077 728 mondo]
1100 642 1291 707 uooabulum

166 795 260 872 quom
277 785 306 850 V
324 785 370 850 sio
392 803 430 848 ex
451 805 470 869 q
489 781 545 870 (=
560 784 625 868 quo)
649 783 794 848 correxit:
817 805 845 866 q.
852 807 863 860 ;Ἰ
885 802 947 866 quo
969 783 1051 850 male
1072 777 1232 848 intellecto
1250 783 1289 861 is,

165 892 220 975 qui
246 891 326 956 hano
352 893 474 972 partem
501 888 619 954 oodiois
646 910 666 950 α
693 890 829 972 soripsit,
857 889 997 954 exhibuit
1021 871 1071 953 aad
1095 889 1149 970 qai
1173 889 1209 953 ia
1236 887 1291 953 dor

165 997 290 1062 mundo.
358 996 433 1072 546ι
460 995 531 1075 ipso
556 1014 619 1058 ooo
642 992 775 1082 ‘quodid
804 995 1002 1080 negationem
1027 1014 1089 1060 ooo
1114 995 1143 1059 V
1169 994 1288 1060 usitato

164 1104 257 1169 modo
284 1101 421 1167 reddidit
446 1120 502 1185 per
525 1084 555 1164 ᾖ
576 1100 632 1166 sed
657 1121 679 1164 a
705 1100 786 1167 inter
813 1100 1010 1166 scribendum
1038 1120 1073 1165 ex
1098 1121 1121 1164 a
1147 1100 1289 1178 correxit,

164 1209 247 1274 unde
266 1209 377 1274 effeota
395 1210 444 1283 est
463 1207 640 1272 litterarum
662 1205 815 1287 quaedam
838 1206 1016 1272 coniunctio
1038 1205 1162 1272 litterae
1184 1204 1287 1270 iinon

164 1307 343 1380 dissimilis:
360 1313 432 1394 dosa
449 1320 471 1376 d
487 1313 609 1394 qaaerit
626 1333 656 1375 α.
724 1311 810 1387 706„
827 1312 992 1376 nestorroa'
1011 1311 1068 1398 (=
1081 1310 1288 1400 nestorianus)

163 1421 192 1485 V
211 1419 267 1485 sed
288 1419 397 1484 littera
417 1421 448 1482 ἠ’
471 1420 600 1483 uetusta
622 1418 788 1483 atramenti
809 1417 933 1482 macula
954 1419 1002 1483 ita
1015 1418 1142 1510 obruta,
1164 1423 1202 1483 ut
1221 1419 1287 1485 fere

164 1526 294 1616 agnosci
316 1527 464 1607 nequeat:
486 1521 621 1588 nestorio
641 1521 765 1587 exhibet
782 1545 803 1586 α
819 1522 930 1588 relicto
948 1521 1058 1588 deinde
1077 1523 1207 1602 duarum
1224 1524 1288 1591 fere

161 1631 338 1696 litterarum
360 1629 471 1714 spatio.
779 1617 784 1625 ”
1192 1703 1194 1706 .

207 1734 344 1802 Omissis
379 1728 448 1814 alde
483 1733 517 1799 id
544 1753 643 1819 genus
669 1733 817 1816 exemplis
844 1734 1066 1800 transeundum
1092 1734 1218 1801 uidetur
1247 1736 1286 1801 ad

162 1842 254 1908 alind,
276 1843 504 1926 argumentum,
531 1859 593 1922 quo
621 1842 654 1905 et
678 1839 747 1923 ipso
776 1831 915 1906 oodioem
941 1862 961 1903 α
984 1860 1020 1906 ex
1041 1841 1070 1905 V
1093 1841 1285 1924 descriptum

163 1966 232 2027 esse
256 1950 340 2012 certo
364 1947 479 2012 oertius
503 1946 742 2011 demonstratur.
809 1965 903 2029 supra
925 1946 1078 2030 explioaui
1103 1946 1286 2023 oodioemor

162 2047 314 2136 seriptum
341 2070 411 2117 esso
438 2071 458 2117 a
477 2050 709 2133 compluribus:
744 2051 827 2134 quod
853 2071 913 2117 non
935 2052 981 2116 ita
1002 2050 1122 2127 Iaotum
1144 2071 1223 2131 esse,
1246 2055 1284 2116 ut

162 2159 243 2224 alius
262 2158 316 2223 alii
334 2158 525 2238 succederet,
550 2177 624 2223 oum
646 2177 684 2222 ea
703 2177 736 2222 re
765 2160 861 2241 patet,
892 2158 976 2243 quod
997 2158 1141 2225 librarius
1163 2158 1285 2242 primus

160 2264 192 2329 in
220 2263 324 2330 medio
352 2263 446 2331 desiit
472 2263 625 2337 uocabulo
656 2266 688 2328 et
714 2264 869 2329 secundus
898 2265 988 2330 initio
1009 2264 1158 2346 repetiuit
1180 2265 1286 2348 aliqua

161 2370 286 2435 abillo
317 2369 381 2434 iam
410 2370 446 2434 in
473 2369 533 2435 fine
560 2369 686 2452 son’pta,
713 2373 781 2434 tum
809 2388 845 2435 eo
873 2370 1111 2454 demonstratur,
1140 2369 1223 2452 quod
1250 2372 1285 2441 et

159 2477 278 2558 prImus
308 2477 341 2540 et
367 2475 524 2541 socundus
546 2473 692 2540 librarius
715 2463 823 2557 pensis
844 2477 909 2541 suis
929 2476 1079 2558 perfectis
1102 2494 1158 2540 seu
1180 2476 1282 2557 maius

160 2600 217 2647 seu
243 2581 347 2646 minus
375 2581 511 2664 spatium
538 2599 675 2645 uacuum
703 2581 903 2665 reliquerunt.
940 2601 1001 2663 qua
1027 2580 1154 2664 q‘uidem
1182 2600 1217 2646 ex
1247 2600 1282 2664 re

159 2685 302 2768 sequitur
315 2686 519 2770 archetypum
533 2684 649 2751 oodiois
664 2686 852 2752 dissolutum
871 2687 1072 2772 singulasque
1091 2685 1158 2751 eius
1175 2690 1281 2770 partes

138 2791 332 2857 edentatae
355 2791 454 2856 fuisse
478 2791 611 2876 singulis
634 2791 742 2857 eodem
770 2795 909 2877 tempore
937 2792 1163 2859 describendas.
1201 2811 1280 2876 quae

159 2915 230 2962 oum
256 2896 303 2962 ita
329 2896 401 2975 sint,
429 2897 548 2962 eisdem
575 2897 690 2976 uerbis,
718 2898 832 2980 quibus
860 2900 892 2963 in
919 2922 940 2960 α
967 2893 1119 2964 desinunt
1133 2882 1279 2963 librarius

157 3003 278 3086 primus
310 3005 342 3067 et
367 3003 538 3080 secundus,
565 3003 597 3067 in
625 3003 790 3086 archetypo
819 3005 886 3069 eius
914 3022 1041 3077 neeesse
1068 3007 1117 3068 est
1148 3003 1280 3068 desiisse

151 3097 241 3187 'lolia
268 3108 438 3174 uerisimile
466 3113 516 3174 est
542 3109 673 3180 desiisse
700 3110 917 3191 quaterniones
944 3111 997 3175 uel
1022 3110 1180 3174 terniones
1209 3109 1278 3174 siue

157 3231 219 3295 quo
236 3212 302 3279 'alio
325 3213 418 3279 modo
438 3214 558 3280 oodiois
580 3214 656 3279 folia
678 3233 839 3279 sumamus
863 3215 1037 3298 composita
1058 3214 1167 3279 fuisse.
1194 3214 1277 3296 quod

157 3318 283 3400 quidem
300 3338 333 3383 re
351 3339 426 3384 uera
442 3319 527 3385 oadit
543 3320 575 3384 in
594 3320 732 3385 oodioem
747 3321 789 3385 V:
808 3320 927 3388 eisdem
945 3319 1073 3404 syllabis
1087 3318 1146 3383 IN
1156 3317 1277 3398 BASI,

156 3423 270 3506 quibus
293 3423 407 3489 desinit
428 3425 547 3507 pn‘mus
567 3425 714 3509 librarius
737 3426 852 3491 oodiois
875 3451 896 3489 α
917 3427 970 3512 (of.
989 3445 1084 3510 supra
1100 3446 1132 3508 p.
1145 3425 1276 3508 XVIII),

154 3529 340 3597 terminatur
355 3530 516 3612 quaternio
534 3531 675 3596 decimus
693 3534 821 3613 quartus
840 3531 956 3597 oodiois
975 3532 1016 3608 V;
1036 3531 1153 3596 eisdem
1171 3531 1276 3597 uerbis

154 3635 294 3716 episeopo
326 3632 670 3716 Constantinopoliianq
700 3656 779 3719 quae
810 3637 841 3701 in
873 3659 894 3700 α
924 3641 999 3703 sunt
1025 3637 1138 3701 ultima
1158 3637 1277 3702 librarii

155 3739 294 3818 seonndi,
319 3739 434 3805 desinit
456 3741 573 3807 oodiois
596 3742 623 3806 V
647 3744 807 3824 quaternio
831 3743 1142 3825 duodeuicesimus.¹)

189 3937 209 4005 ¹)
228 3937 320 3993 Uorba
337 3939 450 4003 eotenus
468 3945 523 3995 toto
543 3942 642 4005 aalma,
662 3943 757 4012 quibus
776 3944 875 3998 desinit
889 3943 987 4000 codicis
1001 3963 1018 4005 a
1030 3944 1154 3999 librarius
1167 3945 1272 4009 tertius,

152 4025 181 4079 in
204 4025 227 4078 V
249 4041 298 4080 nee
321 4027 503 4095 quaternionis
524 4045 574 4082 neo
599 4029 659 4084 lolii
679 4047 729 4085 neo
755 4033 869 4102 paginae
896 4033 975 4086 finem
999 4033 1126 4087 efficiunt.
1153 4033 1275 4101 sequitur

153 4113 234 4168 otiam
253 4130 293 4179 ee,
314 4131 380 4183 quae
398 4115 521 4180 librarius
539 4121 649 4187 quartus
668 4120 793 4185 exorauit,
813 4119 951 4175 adtributa
967 4121 1051 4174 luisse
1068 4120 1177 4174 librario
1190 4121 1272 4174 tertio
