2904 4672
122 220 207 284 LXII
539 219 826 288 Prolegomene.

355 411 408 475 De
439 411 685 477 collectione
716 411 1013 491 Quesnellisne.

167 550 312 635 Epistula
333 553 373 617 41
399 555 520 635 praeter
540 553 725 617 Auellanam
746 553 861 617 tradite
883 556 933 618 est
954 554 986 619 in
1010 573 1047 618 ee
1064 555 1248 620 collectione

125 657 291 722 admodum
314 660 451 735 uetusta,
476 677 568 740 quem
591 659 692 740 primo
712 676 729 721 a
748 658 916 724 Paschasio
941 659 1108 739 Quosnello
1131 659 1248 725 editam

125 761 451 841 Quesnellisnsm
487 764 615 829 uocauit
645 765 830 829 Monesenus
862 763 915 850 (cf.
948 766 1015 830 eius
1047 764 1248 831 ‘Geschichte

125 870 178 933 der
207 868 399 948 Quellen..'
426 870 443 934 Ι
469 871 533 935 486
561 871 655 952 sqq.).
685 871 774 935 cuius
803 871 996 937 collectionis
1025 891 1095 936 cum
1124 871 1248 937 codices

124 978 258 1041 oetatem
287 975 417 1040 tulerint
443 977 617 1059 complures
645 975 698 1059 (cf.
726 976 873 1040 Monesen
899 978 920 1041 l.
949 995 975 1043 o.
1003 997 1033 1060 p.
1062 978 1248 1061 ese-490)

124 1083 214 1165 plene
241 1083 421 1147 obiciendus
449 1085 498 1147 est
524 1083 562 1159 is,
587 1102 646 1165 quo
676 1083 744 1166 ipse
768 1081 956 1163 Quosnellus
986 1102 1064 1149 usus
1088 1085 1163 1161 eret,
1187 1083 1248 1148 sci-

122 1188 199 1253 licet
221 1185 403 1252 Oxonieusis
427 1186 513 1252 Oriel
536 1186 615 1254 (loll.
638 1190 680 1252 42
704 1206 784 1253 seeo.
807 1188 878 1263 XII,
902 1207 994 1271 qoem
1018 1190 1138 1272 praeter
1159 1192 1249 1253 uetu-

124 1293 256 1359 stiemm
279 1293 501 1375 exemplarium
522 1292 616 1357 fidem
639 1292 775 1357 studiosi
798 1293 972 1376 cuiuspiam
996 1293 1122 1358 arbitrio
1145 1312 1248 1358 emen-

125 1400 233 1464 datum
254 1417 324 1464 esse
343 1402 380 1462 ut
396 1399 459 1463 iem
473 1398 634 1463 Bellerinii
647 1398 799 1482 (Append.
814 1398 854 1463 ad
869 1397 900 1464 S.
910 1398 1023 1463 Leonis
1038 1417 1107 1482 opp.
1118 1419 1147 1482 p.
1158 1401 1178 1464 8
1190 1397 1249 1484 sq.)

125 1524 182 1571 suo
204 1505 271 1571 iure
295 1505 528 1581 contenderunt,
550 1505 596 1570 ito
618 1504 848 1570 demonstretur
871 1505 964 1569 etiem
983 1505 1076 1570 huius
1095 1504 1249 1588 epistulae

124 1611 323 1690 lectionibus,
348 1629 425 1693 ques
453 1630 489 1676 ex
516 1609 683 1676 Oxoniensi
710 1611 851 1676 enotnuit
875 1611 954 1675 mihi
975 1610 1094 1675 Paulus
1118 1609 1249 1674 Vieneck

125 1717 254 1784 amicus.
287 1717 325 1781 of.
350 1717 483 1799 exempli
512 1718 613 1801 gretie
639 1717 695 1802 93⁸
722 1717 804 1798 qnod
824 1720 913 1796 petet
938 1717 981 1781 nd
1007 1715 1185 1780 sanandum
1217 1735 1250 1778 se

124 1826 178 1904 qni
199 1823 260 1886 siti
282 1822 325 1900 V·;
348 1821 428 1904 qnod
443 1826 532 1902 petet
554 1822 597 1884 ae
617 1822 794 1889 sanandenn
816 1821 847 1885 si
868 1822 921 1907 qni
942 1819 1003 1884 siti
1026 1821 1052 1908 Q
1075 1821 1108 1905 (i.
1129 1839 1155 1884 e.
1179 1839 1249 1886 con·

124 1948 237 1994 sensus
260 1928 404 1993 codicum
426 1928 521 1993 trium
547 1927 785 2005 enesnellianse
806 1945 890 1991 eme
910 1926 1147 2010 adhibitorum:
1171 1925 1252 2010 qnod

118 2038 208 2116 petet
229 2034 272 2098 cd
292 2034 479 2108 sonandum,
502 2034 555 2114 qni
577 2033 637 2096 siti
660 2032 756 2098 Onon.
824 2034 894 2118 93¹⁸
918 2051 972 2096 sen
993 2031 1043 2095 dic
1059 2031 1107 2094 itti
1123 2032 1158 2094 in
1177 2030 1252 2095 nrbe

124 2143 207 2219 sent,
235 2140 316 2220 qnod
341 2140 507 2203 nescientes
533 2159 587 2203 nee
612 2138 813 2222 manifestare
831 2157 1000 2220 possentne
1024 2134 1093 2216 VQ:
1126 2156 1182 2201 sen
1202 2135 1253 2200 tn'o

125 2246 225 2331 aliqui
245 2246 359 2327 decepti
377 2249 451 2309 snnt
468 2265 543 2330 qnos
561 2266 615 2309 nee
631 2245 833 2329 manifestere
844 2263 1014 2324 possennus
1033 2243 1128 2310 Onon.
1195 2243 1251 2328 952

125 2354 179 2437 qni
201 2352 231 2414 si
253 2351 378 2432 confidit
393 2400 400 2415 .
417 2371 501 2416 ,non
523 2355 630 2416 nostre
652 2351 764 2433 dipnns
782 2369 847 2414 esse
864 2349 1062 2414 decimatione
1080 2347 1161 2433 qnod
1177 2347 1253 2410 dicit

125 2458 163 2533 V,
187 2458 241 2538 qni
263 2476 295 2522 se
316 2456 464 2540 confidit.
482 2477 565 2521 .non
588 2461 693 2523 nmina
716 2457 843 2540 dipnnen
865 2476 931 2521 csse
952 2455 1149 2521 danmatione
1170 2454 1252 2535 qnod

125 2562 208 2627 dicet
235 2560 276 2642 Q:
309 2564 364 2648 qni
386 2565 461 2637 (si)
485 2583 518 2627 se
543 2563 689 2647 confidit.
706 2616 713 2631 .
728 2583 790 2626 non
815 2566 923 2626 nostra
944 2561 1070 2645 dipnnm
1092 2545 1253 2640 confinem-

126 2669 207 2733 tione
232 2673 268 2733 nt
293 2668 449 2753 confirmet
474 2690 582 2734 nnnne
609 2669 782 2749 essequod
808 2668 890 2732 dicet
922 2667 1017 2732 Oxou.
1084 2667 1154 2751 951⁸
1183 2685 1252 2748 sqq.

126 2775 232 2840 uerbis
255 2780 365 2839 contro
395 2774 445 2839 det
471 2777 609 2859 pretinm
639 2774 766 2857 tepimns
797 2793 859 2838 esse
881 2774 1053 2854 conserente
1073 2771 1172 2835 metito
1198 2789 1255 2852 per

128 2899 261 2958 emonem
292 2882 324 2946 in
356 2882 523 2965 archetypo
557 2879 796 2961 Quesnellisnae
828 2879 955 2945 omissis
984 2877 1148 2944 Oxonienis
1181 2879 1253 2964 951Ιῖ

127 2990 202 3070 post
223 2987 402 3052 ostendent
425 2987 462 3052 de
487 3007 543 3053 suo
568 2986 655 3051 addit
676 2987 897 3050 ineecnere'nens.

172 3111 324 3196 Neglecto
347 3112 445 3196 igitur
468 3110 634 3181 Oxoniensi
657 3110 734 3175 setis
757 3109 852 3174 hebui
874 3108 1152 3175 tresnetustiores
1183 3126 1255 3176 con-

128 3217 242 3282 tulisse
265 3217 402 3283 codices:

173 3345 208 3442 (Γ
224 3339 523 3407 :Einsidlens
548 3341 607 3405 191
635 3358 717 3406 seeo.
739 3339 794 3404 IX.

174 3445 445 3526 o²=Uindou
468 3446 552 3511 2141
578 3463 659 3510 seeo.
683 3444 737 3508 IX.

174 3550 447 3633 o³‘=Uiudob.
471 3552 556 3615 2147
581 3569 662 3616 saec.
685 3550 784 3630 prx.

130 3693 263 3756 quorum
286 3673 429 3739 codicum
452 3672 838 3758 consensum'significaui
860 3672 966 3736 littere
988 3670 1015 3750 Q
1038 3670 1170 3753 propriis
1194 3670 1255 3734 sin·

130 3780 277 3864 gulosum
305 3781 427 3852 mendis
453 3801 512 3846 non
541 3781 667 3845 curetis.
704 3780 847 3844 hausisse
874 3797 949 3842 nero
977 3778 1056 3842 hanc
1088 3776 1257 3859 epistolem

131 3903 231 3968 neque
258 3884 443 3949 Auellanam
470 3904 505 3955 ex
533 3883 755 3963 Quesnellinna
777 3901 877 3965 neque
899 3883 979 3947 hanc
1001 3900 1038 3949 ex
1058 3881 1116 3945 ills
1138 3882 1183 3946 eis
1206 3880 1257 3944 de-

130 3994 330 4068 monstretur,
358 4009 437 4072 quoe
465 3991 503 4056 de
530 3991 688 4055 communi
716 3989 850 4070 quodam
877 3981 1041 4070 utriusque
1067 3987 1155 4051 fonte
1182 3984 1258 4050 alibi

126 4098 328 4180 expositurus
349 4116 429 4161 sum.
455 4097 508 4178 qui
526 4097 595 4161 fons
615 4100 680 4162 eret
698 4094 938 4161 collectiuncula
956 4094 1061 4177 eliqua
1079 4112 1115 4158 ex
1133 4092 1256 4157 scriniis
