2904 4672
131 245 264 313 LXVIII
549 243 840 312 Prolegomena.

133 414 180 522 (id
211 440 260 503 est
291 435 419 517 Oriam,
434 437 480 514 oi,
497 437 632 520 Porolip.
663 437 696 502 ΙΙ
727 438 780 514 26,
809 436 864 520 19)
897 435 940 498 act
966 435 1175 500 ostensionem·
1197 455 1270 499 scn-

132 544 243 608 tentiae
267 541 393 608 niaacis
415 525 571 607 dedecoris
591 564 692 628 poena
712 543 862 621 sanauit,
887 541 964 606 alios
987 541 1109 626 (Nadab
1142 541 1269 606 seilicet

131 650 163 714 et
184 649 278 734 Abiu,
298 649 337 713 ef.
356 648 457 713 Leuit.
480 650 531 728 10,
553 651 568 713 l
590 648 650 733 sq.)
672 648 761 713 netas
784 647 919 728 stamina
941 647 1138 730 consumpsit.
1161 647 1193 710 in
1212 647 1265 710 his

130 755 235 820 uerbis
263 775 363 839 poena
392 773 462 819 esse
491 755 722 820 nominatiuum
752 755 855 819 elucet
883 753 1054 836 posteriore
1083 755 1171 837 parts
1196 771 1265 816 sen-

130 861 244 926 tentias
272 860 351 928 otios
376 860 465 924 actos
484 861 619 942 flamma
636 861 852 943 'conmmpsit
881 859 971 942 quasi
995 862 1080 924 esset
1103 859 1265 924 ablatiuus

130 967 226 1031 uertit
247 966 400 1048 interpres
423 962 511 1029 ὁπότε
539 963 592 1028 ἕνα
613 969 688 1050 πρὸς
711 964 841 1037 ἐπίδειξιν
864 973 917 1048 τῆς
941 962 1123 1051 ἀποφάσεως
1148 971 1185 1048 τῇ
1210 973 1265 1048 τῆς

131 1071 264 1158 μεγάλης
287 1069 436 1154 ἀκοσμίας
457 1073 581 1155 τιμωρίᾳ
602 1069 746 1157 ἐφύλαξεν
769 1069 851 1155 (scil.
874 1072 1004 1146 ὁθεός).
1051 1089 1098 1151 ep.
1119 1069 1182 1133 237
1204 1069 1222 1152 ἓ
1242 1069 1262 1131 9

130 1175 173 1258 (p.
187 1176 285 1263 728,)
299 1176 529 1261 necquicquam
543 1175 775 1250 Oatccdoncnsis
787 1176 933 1260 synodus,
944 1173 1265 1259 quotatitoqaaetibct

128 1282 289 1363 ditiqontia
319 1282 467 1366 patuisset
492 1282 670 1364 acceptare,
701 1282 870 1367 praeteriit,
905 1302 982 1365 qnae
1016 1280 1264 1364 macccdcntinrn

129 1407 245 1472 quoqne
267 1388 410 1469 deamata
431 1387 480 1451 net
502 1387 617 1452 cterias
638 1388 851 1469 manifestasti
868 1388 918 1450 act
933 1387 1063 1471 repetita
1081 1386 1264 1450 anctoritate

120 1491 276 1576 Jtnnanit.
308 1492 459 1574 interpres
489 1493 621 1576 repetita
651 1493 776 1558 rettulit
811 1493 851 1557 ad
884 1493 1021 1576 synodos
1052 1491 1209 1574 uertitqus
1240 1487 1260 1576 ἢ

129 1595 456 1684 ἐπαναληφθεῖσα
477 1604 514 1682 τῇ
538 1592 679 1679 attentius
701 1596 889 1680 essaenos.

173 1739 318 1805 Ceterum
328 1741 450 1822 praeter
459 1738 591 1804 formam
601 1739 782 1804 collectione
793 1740 945 1804 Auellana
953 1738 1100 1804 traditam
1110 1737 1260 1820 primum-

127 1842 232 1928 quein
250 1844 377 1911 Ceratas
398 1844 533 1911 editione
558 1864 735 1929 expressam
756 1845 910 1929 epistulas
934 1845 996 1909 140
1012 1847 1044 1908 et
1064 1845 1127 1910 237
1150 1843 1261 1909 eodem

126 1950 219 2016 modo
234 1970 295 2034 quo
312 1951 440 2016 71—78
455 1954 585 2033 totaque
600 1951 743 2016 collectio
759 1952 860 2016 adres
875 1951 1151 2035 monophysitismi
1170 1967 1259 2033 spsc-

126 2059 196 2122 tans
229 2057 324 2121 etium
356 2058 454 2120 altera
480 2057 661 2121 recensione
680 2057 795 2121 Latina
823 2059 956 2122 aetatem
987 2058 1138 2135 tulerunt,
1165 2073 1261 2137 quam

126 2182 195 2229 esse
209 2162 547 2228 uersionemusrsionis
561 2160 698 2227 Graecae
711 2163 880 2245 unicuique
895 2163 994 2246 primo
1008 2164 1097 2245 patet
1110 2163 1257 2243 aspectu3

126 2268 165 2334 of.
181 2269 335 2344 Mesenen,
350 2267 464 2332 (iesch.
481 2267 510 2335 d.
527 2267 563 2348 Q.
578 2268 594 2331 Ι
610 2268 672 2338 753
688 2287 756 2351 sqq.
772 2268 870 2333 edidit
886 2288 954 2333 eam
970 2269 1090 2351 primm
1103 2266 1257 2332 Merliuus

119 2374 158 2438 is
176 2371 321 2438 seeundo
340 2374 427 2437 tomo
447 2372 649 2438 conciliorum
665 2374 857 2457 generalium
872 2374 984 2457 (Paris.
1001 2372 1099 2458 1524)
1111 2373 1166 2438 fol.
1182 2373 1259 2437 XIV

126 2498 174 2562 sq.
207 2497 286 2561 quae
312 2489 423 2561 postea
449 2479 631 2561 prodierunt
660 2479 864 2544 conciliorum
896 2479 1110 2555 collectiones,
1142 2478 1256 2560 partim

126 2587 254 2650 secutas
277 2585 352 2649 sunt
368 2584 538 2649 Merlinum
556 2587 594 2650 ut
612 2584 775 2663 crabbius,
795 2583 918 2661 Sarius,
936 2585 1021 2650 Biuii
1035 2584 1130 2677 editio
1146 2583 1257 2666 prima,

125 2690 230 2756 Editio
262 2690 362 2773 regia3
395 2691 509 2773 partim
541 2694 578 2755 ut
606 2691 762 2769 Labeone,
790 2691 933 2756 Mansius
964 2709 1022 2755 uec
1052 2709 1112 2754 non
1139 2688 1257 2754 Fronto

125 2797 272 2861 Ducasus
295 2796 327 2860 in
352 2796 488 2862 editione
505 2797 654 2862 Iohannis
674 2798 811 2862 Zonaras
833 2798 865 2863 ln
886 2815 1019 2862 canones
1043 2796 1257 2879 apostolorum

125 2902 341 2968 commentarii
367 2903 583 2986 repetiuerant
610 2903 762 2982 Gerasam,
785 2905 832 2968 ita
857 2907 962 2967 tamen
988 2905 1026 2966 ut
1046 2917 1146 2984 panca
1166 2901 1259 2966 uelut

124 3008 156 3072 in
178 3007 282 3073 titulis
306 3027 342 3073 ao
366 3009 650 3090 subscriptionibus
674 3010 874 3074 desumerent
896 3028 933 3073 ex
958 3006 1102 3073 uersione
1126 3005 1257 3072 Graeca.

123 3115 278 3180 Batonius
297 3114 466 3197 epistulam
484 3116 547 3180 237
568 3117 600 3180 st
617 3116 686 3199 ipse
706 3134 722 3180 e
742 3113 869 3180 Careiae
889 3113 1024 3180 editione
1042 3112 1259 3195 transscripsit

124 3219 177 3303 (ad
194 3239 221 3284 a.
239 3221 313 3297 521,
330 3219 397 3302 28),
413 3220 582 3301 epistulam
601 3223 706 3286 autem
722 3223 784 3311 140
798 3221 845 3286 ita
858 3213 999 3286 exhibuit
1011 3217 1063 3301 (ad
1077 3237 1112 3282 a*
1122 3218 1196 3297 518,
1212 3219 1256 3303 3),

124 3327 161 3390 ut
187 3325 335 3391 conflaret
361 3325 539 3390 uersionem
568 3324 586 3390 a
611 3326 744 3392 Merlino
773 3345 952 3410 expressam
980 3345 1052 3390 oum
1074 3325 1175 3391 forma
1197 3325 1258 3390 ori-

124 3431 220 3516 ginali
247 3431 279 3494 in
310 3430 496 3496 collectione
519 3431 672 3496 Auellana
693 3412 809 3497 tradita
830 3451 948 3517 perque
971 3430 1113 3497 caratam
1135 3430 1257 3515 publici

122 3537 200 3602 iuu's
222 3537 319 3612 facta;
344 3556 381 3601 en
405 3557 502 3602 unum
527 3535 704 3619 exemplum
726 3558 781 3620 pro
804 3538 930 3603 multis:

230 3797 372 3852 Merliuns:
620 3797 761 3853 Auellana:
1004 3799 1148 3854 Batonius:

123 3888 141 3971 g
166 3888 188 3951 7
208 3887 291 3952 init:

120 3991 481 4078 pensathnatisMac-
506 3991 688 4060 reuolui-tc
705 4014 777 4076 qno
794 3994 866 4058 Ma·
893 3993 1092 4059 renatnite
1119 3995 1254 4080 qualis

122 4097 325 4162 cabcornrn
350 4099 480 4177 cacitas,
506 4099 744 4165 ctatacarum
797 4100 867 4165 exi·
909 4099 1241 4172 Mactatooornrn
