2904 4672
616 246 704 317 nque.
721 246 751 301 11
768 246 880 303 ao-as.
1067 323 1074 331 ,
1245 235 1309 319 ²15

184 444 274 507 catus
296 444 356 507 est.
372 441 460 507 >bunc
484 440 577 507 Osius
601 442 639 507 ds
663 440 807 507 Corduba
829 444 911 525 apud
925 443 1073 510 ecclesias
1087 441 1309 528 Hispaniarum

185 550 218 612 et
248 547 365 621 detexit
396 551 429 612 et
459 547 596 630 reppulit
628 549 666 612 ut
695 546 827 630 impium
859 549 1060 615 haereticum.
1092 548 1146 614 sed
1179 550 1211 613 et
1240 547 1309 630 ipse

185 651 280 718 Osius
302 652 426 718 Potami
448 652 573 735 querela
596 647 765 717 accersitus
780 653 818 717 ad
833 652 1052 719 Constantium
1074 672 1178 738 regom
1202 652 1309 717 ruinis·

185 777 245 842 que
267 757 451 842 perterritus
475 760 507 822 et
524 760 679 831 metuens,
711 777 750 822 ue
783 777 875 822 senex
908 761 940 824 et
970 760 1059 825 diues
1092 759 1217 825 exilium
1240 777 1308 840 pro·

152 863 424 947 ascriptionemue
446 865 614 946 pateretur,
637 864 691 944 dat
712 882 822 930 manus
844 863 999 946 impietati
1022 868 1139 948 etpost
1152 867 1201 930 tot
1214 880 1309 929 annos

182 970 415 1053 praeuaricatur
434 969 467 1033 in
489 968 583 1033 fidem
608 972 640 1034 et
660 969 835 1052 regreditur
857 970 895 1034 ad
917 971 1084 1054 Hispanias
1106 971 1222 1036 maiore
1237 988 1308 1034 cum

184 1073 382 1147 auctoritate,
414 1060 532 1137 habens
563 1073 647 1157 regis
679 1073 849 1138 terribilem
878 1074 1061 1152 iussionem,
1102 1079 1139 1140 ut
1174 1076 1202 1141 si
1237 1075 1308 1157 quis

184 1180 286 1244 eidem
309 1168 475 1261 episcopus
497 1178 559 1242 iam
590 1177 672 1244 facto
703 1179 944 1261 praeuaricatori
966 1180 1093 1245 minime
1124 1181 1204 1246 uelit
1226 1199 1308 1246 com·

183 1285 352 1361 manicare,
374 1283 406 1347 in
430 1283 557 1347 exilium
579 1283 766 1348 mitteretur.
834 1284 889 1349 sed
911 1283 950 1348 ad
969 1286 1109 1350 sanctum
1122 1284 1306 1370 Gregorium
1317 1285 1360 1348 33

140 1410 165 1450 10
183 1391 390 1456 illiberitanae
413 1388 552 1454 ciuitatis
576 1388 862 1473 constantissimum
895 1371 1077 1473 episcopum
1103 1390 1204 1456 tidelis
1232 1411 1307 1456 nun·

183 1498 249 1563 tius
272 1496 386 1561 detulit
406 1495 534 1579 impiam
567 1493 635 1560 Osii
656 1495 967 1577 praeuaricationem
995 1497 1077 1562 unde
1104 1500 1142 1562 et·
1165 1516 1226 1561 non
1256 1498 1308 1563 ad-

185 1603 320 1687 quiescit
341 1621 460 1673 memor
482 1620 587 1666 sacrae
609 1600 684 1674 fldei
706 1619 743 1665 ac
765 1601 864 1666 diuini
885 1601 994 1667 iudicii
1015 1601 1047 1666 in
1071 1603 1138 1668 eius
1160 1603 1307 1668 nefariam

184 1709 444 1775 communionem.
467 1706 523 1773 sed
546 1705 651 1783 Osius,
685 1707 740 1789 qui
761 1707 838 1771 hinc·
856 1708 929 1790 plus
952 1710 1156 1791 torqueretur,
1186 1709 1213 1773 si
1236 1709 1306 1792 quis

184 1815 253 1899 ipso
276 1815 339 1878 iam
360 1814 449 1904 lapso
473 1816 570 1878 staret
591 1813 746 1898 integram
769 1812 862 1883 fidem
885 1813 1048 1878 uindicaus
1069 1813 1191 1897 inlapsa
1212 1813 1307 1880 firmi-

142 1940 167 1979 na
183 1923 249 1986 tate
271 1918 411 2003 uestigii,
434 1917 570 1984 exbiberi
591 1917 667 1983 facit
688 1936 744 1999 per
764 1918 921 2000 publicam
944 1920 1134 2001 potestatem
1156 1920 1307 1985 strenuis·

185 2026 282 2091 simae
304 2025 418 2090 mentis
452 2022 648 2107 Gregorium,
680 2041 808 2106 sperans
840 2023 924 2105 quod
955 2023 1064 2102 eodem
1094 2026 1305 2107 terroreque

184 2133 253 2214 ipse
285 2136 431 2208 cesserat,
462 2130 545 2195 bunc
577 2148 699 2212 quoque
729 2146 823 2212 posse
854 2129 971 2194 cedere.
1004 2133 1071 2194 erat
1095 2133 1199 2196 autem
1230 2132 1307 2205 tuno,

184 2236 334 2320 temporis
366 2234 579 2300 clementinus
610 2234 758 2319 alcarius,
791 2235 845 2317 qui
869 2248 910 2300 'ex
942 2236 1152 2301 conuentione·
1180 2234 1248 2300 Osii
1274 2239 1306 2300 et

184 2342 322 2427 generali
351 2343 514 2424 praecepto
545 2340 629 2424 regis
670 2342 813 2405 sanctum
850 2340 1035 2426 Gregorium
1074 2360 1130 2424 per
1166 2340 1305 2406 officium

142 2467 166 2506 2⁰
184 2447 358 2515 Cordubam
381 2446 477 2510 iussit
498 2445 643 2525 exbiberi.
710 2445 830 2519 interea
860 2446 943 2511 fama
972 2446 1005 2511 in
1027 2446 1238 2531 cognitionem
1259 2448 1357 2514 rei'34

183 2552 489 2634 cunctosinquietat
518 2554 552 2616 et
580 2551 724 2635 frequens
755 2571 857 2617 sermo
888 2555 1075 2635 populorum
1097 2553 1146 2617 est
1167 2551 1303 2635 ‘quinam

183 2661 233 2724 est
253 2658 308 2722 ille
332 2657 511 2741 Gregorius,
543 2657 597 2738 qui
619 2656 714 2722 audet
745 2655 819 2723 Osio
850 2656 1032 2726 resistere?
1061 2658 1189 2741 plurimi
1220 2656 1303 2724 enim

182 2768 215 2829 et
232 2762 300 2829 Osii
320 2762 619 2846 praeuaricationem·
639 2761 740 2828 adbuc
761 2762 945 2847 ignorabant
963 2766 1053 2843 (et),
1075 2764 1202 2847 quinam
1219 2765 1304 2829 esset

183 2873 309 2936 sanctus
328 2869 508 2954 Gregorius,
540 2868 678 2933 nondum
708 2869 788 2933 bene
819 2873 1013 2953 compertum
1035 2869 1200 2937 habebant.
1237 2871 1303 2934 erat

141 2993 165 3035 u
181 2975 264 3042 enim
288 2975 382 3041 etiarn
405 2974 489 3059 apud
511 2993 575 3049 eos,
604 2974 657 3057 qui
689 2974 780 3039 illam
802 2975 882 3040 torto
904 2976 1064 3053 nouerant,
1091 2974 1179 3039 rudis
1201 2974 1302 3039 adbuc

182 3080 357 3165 episcopus,
388 3082 464 3146 licet
495 3080 577 3163 apud
608 3079 768 3147 Christum
796 3097 856 3145 non
886 3078 973 3144 rudis
1005 3079 1117 3144 uindex
1148 3079 1220 3144 fidoi
1245 3098 1302 3162 pro

182 3187 291 3253 merito
315 3186 500 3254 sanctitatis.
567 3186 623 3251 sed
645 3204 718 3257 ecce
740 3188 869 3250 uentum
884 3187 934 3249 est
946 3184 985 3250 ad
997 3185 1151 3267 uicarium
1164 3188 1196 3251 et
1209 3185 1302 3249 multi
1311 3189 1354 3254 35

181 3312 217 3358 ex
239 3292 543 3368 administratoribus
565 3289 722 3357 intersunt
744 3292 777 3355 et
799 3289 893 3355 Osiua
911 3289 1005 3355 ¹sedet
1025 3289 1127 3366 iudex,
1149 3289 1245 3354 immo
1261 3293 1302 3353 et
1437 3304 1439 3308 ’

181 3417 275 3482 supra
303 3397 449 3475 iudicem,
481 3397 580 3462 fretus
609 3396 708 3480 regali
738 3395 878 3479 imperio,
911 3398 943 3461 et
972 3391 1101 3461 sanctus
1131 3393 1300 3480 Gregorius

139 3532 164 3574 ao
181 3503 321 3587 exemplo
344 3503 461 3569 domini
484 3502 534 3568 sui
556 3505 687 3567 atreus
710 3501 838 3566 adsistit
858 3519 920 3567 non
943 3501 980 3566 de
1001 3487 1302 3585 prauaconscientia

183 3610 238 3676 sed
260 3629 316 3692 pro
340 3608 517 3674 conditione
538 3609 710 3693 praesentis
740 3608 862 3688 iudicii,
895 3610 1033 3674 cetsmm
1064 3605 1126 3671 fide
1144 3605 1241 3687 libor,
1268 3609 1301 3670 et

180 3716 230 3780 est
250 3733 362 3800 magna
385 3713 558 3797 expectatio
591 3713 797 3798 singulorum,
829 3713 868 3778 ad
899 3730 993 3797 quam
1023 3714 1145 3794 partem
1167 3708 1300 3776 uictoria

215 3853 335 3909 locrius
357 3852 384 3907 V
398 3859 424 3910 et
439 3853 480 3908 etc
495 3869 598 3923 comper
609 3869 662 3924 per
678 3854 842 3924 duplicem
930 3849 1162 3924 hyspantammV
1213 3849 1300 3905 3Ρο-

179 3941 255 3997 taurii
272 3940 354 3997 Siras.
425 3941 533 4013 querela
549 3940 576 3995 V
642 3942 774 4012 minisque
787 3940 890 3998 Stoma
900 3940 928 3995 in
942 3941 985 3997 bia
997 3955 1051 4011 que
1069 3937 1096 3992 V
1147 3937 1180 3993 1⁰
1192 3937 1299 4000 eliberi·

178 4030 247 4103 ταῖς
268 4029 301 4096 V,
318 4045 386 4086 corr.
406 4027 434 4102 ρ’
480 4030 513 4085 16
531 4029 603 4101 quod
620 4030 671 4086 del.
685 4028 879 4101 p²,om.Strm.
928 4026 1300 4092 ttetoddsr'mromV

180 4118 214 4175 82
230 4123 260 4175 at
281 4118 314 4184 V,
332 4134 432 4175 como
1098 4156 1100 4159 ψ
