<?xml version="1.0" encoding="UTF-8"?>
<!DOCTYPE html PUBLIC "-//W3C//DTD XHTML 1.0 Transitional//EN"
    "http://www.w3.org/TR/xhtml1/DTD/xhtml1-transitional.dtd">
<html xmlns="http://www.w3.org/1999/xhtml" xml:lang="en" lang="en">
 <head>
  <title>
</title>
<meta http-equiv="Content-Type" content="text/html;charset=utf-8" />
  <meta name='ocr-system' content='tesseract 3.04.00' />
  <meta name='ocr-capabilities' content='ocr_page ocr_carea ocr_par ocr_line ocrx_word'/>
</head>
<body>
  <div class='ocr_page' id='page_1' title='image "./epistulaeimpera01gngoog_0124.png"; bbox 0 0 2904 4672; ppageno 0'>
   <div class='ocr_carea' id='block_1_1' title="bbox 629 234 1326 314">
    <p class='ocr_par' dir='ltr' id='par_1_1' title="bbox 629 234 1326 314">
     <span class='ocr_line' id='line_1_1' title="bbox 629 234 1326 314; baseline 0.001 -25"><span class='ocrx_word' id='word_1_1' title='bbox 629 235 715 314; x_wconf 79' lang='lat' dir='ltr'>Epist.</span> <span class='ocrx_word' id='word_1_2' title='bbox 733 234 762 289; x_wconf 90' lang='lat' dir='ltr'>ll</span> <span class='ocrx_word' id='word_1_3' title='bbox 779 236 892 293; x_wconf 81' lang='lat'>43-49.</span> <span class='ocrx_word' id='word_1_4' title='bbox 1285 242 1326 305; x_wconf 82' lang='lat'>19</span> 
     </span>
    </p>
   </div>
   <div class='ocr_carea' id='block_1_2' title="bbox 153 421 1396 3892">
    <p class='ocr_par' dir='ltr' id='par_1_2' title="bbox 157 421 1378 1979">
     <span class='ocr_line' id='line_1_2' title="bbox 202 421 1327 513; baseline -0.001 -15"><span class='ocrx_word' id='word_1_5' title='bbox 202 421 361 499; x_wconf 88' lang='lat' dir='ltr'>uindicare</span> <span class='ocrx_word' id='word_1_6' title='bbox 385 433 488 498; x_wconf 91' lang='lat' dir='ltr'>uoluit</span> <span class='ocrx_word' id='word_1_7' title='bbox 509 431 586 496; x_wconf 87' lang='lat' dir='ltr'>deus</span> <span class='ocrx_word' id='word_1_8' title='bbox 609 431 662 496; x_wconf 93' lang='lat' dir='ltr'>uel</span> <span class='ocrx_word' id='word_1_9' title='bbox 684 431 714 495; x_wconf 93' lang='lat' dir='ltr'>in</span> <span class='ocrx_word' id='word_1_10' title='bbox 737 449 854 513; x_wconf 83' lang='lat' dir='ltr'>paucos</span> <span class='ocrx_word' id='word_1_11' title='bbox 877 431 943 495; x_wconf 90' lang='lat' dir='ltr'>sine</span> <span class='ocrx_word' id='word_1_12' title='bbox 966 431 1060 495; x_wconf 91' lang='lat' dir='ltr'>dubio</span> <span class='ocrx_word' id='word_1_13' title='bbox 1085 431 1182 495; x_wconf 88' lang='lat' dir='ltr'>etilla</span> <span class='ocrx_word' id='word_1_14' title='bbox 1198 431 1327 509; x_wconf 84' lang='lat' dir='ltr'>ratione,</span> 
     </span>
     <span class='ocr_line' id='line_1_3' title="bbox 202 535 1326 622; baseline -0.001 -18"><span class='ocrx_word' id='word_1_15' title='bbox 202 551 301 617; x_wconf 79' lang='lat' dir='ltr'>(ne),</span> <span class='ocrx_word' id='word_1_16' title='bbox 324 550 402 622; x_wconf 82' lang='lat' dir='ltr'>quac</span> <span class='ocrx_word' id='word_1_17' title='bbox 420 557 475 621; x_wconf 88' lang='lat' dir='ltr'>per</span> <span class='ocrx_word' id='word_1_18' title='bbox 497 537 680 621; x_wconf 79' lang='lat' dir='ltr'><strong>scripturam</strong></span> <span class='ocrx_word' id='word_1_19' title='bbox 704 535 842 600; x_wconf 88' lang='lat' dir='ltr'>diuinam</span> <span class='ocrx_word' id='word_1_20' title='bbox 857 536 895 600; x_wconf 91' lang='lat' dir='ltr'>de</span> <span class='ocrx_word' id='word_1_21' title='bbox 909 537 1190 618; x_wconf 85' lang='lat' dir='ltr'>praeuaricatorum</span> <span class='ocrx_word' id='word_1_22' title='bbox 1212 539 1326 603; x_wconf 77' lang='lat' dir='ltr'>futurus</span> 
     </span>
     <span class='ocr_line' id='line_1_4' title="bbox 204 642 1327 729; baseline -0.001 -19"><span class='ocrx_word' id='word_1_23' title='bbox 204 645 369 729; x_wconf 79' lang='lat' dir='ltr'>suppliciis</span> <span class='ocrx_word' id='word_1_24' title='bbox 392 644 564 721; x_wconf 78' lang='lat' dir='ltr'>minitatur,</span> <span class='ocrx_word' id='word_1_25' title='bbox 595 642 686 707; x_wconf 87' lang='lat' dir='ltr'>uelut</span> <span class='ocrx_word' id='word_1_26' title='bbox 716 642 822 706; x_wconf 83' lang='lat' dir='ltr'>fabula</span> <span class='ocrx_word' id='word_1_27' title='bbox 851 644 1024 724; x_wconf 83' lang='lat' dir='ltr'>putaretur,</span> <span class='ocrx_word' id='word_1_28' title='bbox 1057 643 1084 706; x_wconf 94' lang='lat' dir='ltr'>si</span> <span class='ocrx_word' id='word_1_29' title='bbox 1111 663 1192 709; x_wconf 90' lang='lat' dir='ltr'>nunc</span> <span class='ocrx_word' id='word_1_30' title='bbox 1214 644 1246 709; x_wconf 94' lang='lat' dir='ltr'>in</span> <span class='ocrx_word' id='word_1_31' title='bbox 1267 645 1327 709; x_wconf 93' lang='lat' dir='ltr'>hoc</span> 
     </span>
     <span class='ocr_line' id='line_1_5' title="bbox 204 746 1378 831; baseline -0.009 -15"><span class='ocrx_word' id='word_1_32' title='bbox 204 752 329 816; x_wconf 90' lang='lat' dir='ltr'>saeculo</span> <span class='ocrx_word' id='word_1_33' title='bbox 365 750 397 813; x_wconf 93' lang='lat' dir='ltr'>in</span> <span class='ocrx_word' id='word_1_34' title='bbox 438 748 592 814; x_wconf 87' lang='lat' dir='ltr'>nemiuem</span> <span class='ocrx_word' id='word_1_35' title='bbox 629 746 812 812; x_wconf 86' lang='lat' dir='ltr'>uindicaret.</span> <span class='ocrx_word' id='word_1_36' title='bbox 879 747 1064 831; x_wconf 77' lang='lat' dir='ltr'>intellegant</span> <span class='ocrx_word' id='word_1_37' title='bbox 1102 768 1183 814; x_wconf 92' lang='lat' dir='ltr'>nunc</span> <span class='ocrx_word' id='word_1_38' title='bbox 1219 746 1378 814; x_wconf 83' lang='lat' dir='ltr'>omnes47</span> 
     </span>
     <span class='ocr_line' id='line_1_6' title="bbox 179 851 1326 940; baseline 0.004 -25"><span class='ocrx_word' id='word_1_39' title='bbox 179 855 351 940; x_wconf 75' lang='lat' dir='ltr'>aepiscopi</span> <span class='ocrx_word' id='word_1_40' title='bbox 388 854 650 936; x_wconf 82' lang='lat' dir='ltr'>praeuaricatores</span> <span class='ocrx_word' id='word_1_41' title='bbox 684 851 767 930; x_wconf 91' lang='lat' dir='ltr'>fidei,</span> <span class='ocrx_word' id='word_1_42' title='bbox 804 871 896 934; x_wconf 83' lang='lat' dir='ltr'>quarn</span> <span class='ocrx_word' id='word_1_43' title='bbox 932 853 1126 936; x_wconf 81' lang='lat' dir='ltr'>grauissimis</span> <span class='ocrx_word' id='word_1_44' title='bbox 1163 855 1326 937; x_wconf 84' lang='lat' dir='ltr'>suppliciis</span> 
     </span>
     <span class='ocr_line' id='line_1_7' title="bbox 203 950 1325 1042; baseline -0.001 -15"><span class='ocrx_word' id='word_1_45' title='bbox 203 961 356 1028; x_wconf 88' lang='lat' dir='ltr'>reseruati</span> <span class='ocrx_word' id='word_1_46' title='bbox 378 962 462 1039; x_wconf 91' lang='lat' dir='ltr'>sunt,</span> <span class='ocrx_word' id='word_1_47' title='bbox 487 958 609 1042; x_wconf 88' lang='lat' dir='ltr'>quando</span> <span class='ocrx_word' id='word_1_48' title='bbox 632 959 663 1022; x_wconf 92' lang='lat' dir='ltr'>in</span> <span class='ocrx_word' id='word_1_49' title='bbox 687 977 761 1023; x_wconf 90' lang='lat' dir='ltr'>suos</span> <span class='ocrx_word' id='word_1_50' title='bbox 786 950 893 1023; x_wconf 86' lang='lat' dir='ltr'>socios</span> <span class='ocrx_word' id='word_1_51' title='bbox 919 958 950 1022; x_wconf 95' lang='lat' dir='ltr'>in</span> <span class='ocrx_word' id='word_1_52' title='bbox 973 958 1033 1023; x_wconf 92' lang='lat' dir='ltr'>hoc</span> <span class='ocrx_word' id='word_1_53' title='bbox 1056 979 1178 1042; x_wconf 87' lang='lat' dir='ltr'>quoquc</span> <span class='ocrx_word' id='word_1_54' title='bbox 1201 962 1325 1026; x_wconf 90' lang='lat' dir='ltr'>saeculo</span> 
     </span>
     <span class='ocr_line' id='line_1_8' title="bbox 204 1063 1326 1150; baseline 0 -19"><span class='ocrx_word' id='word_1_55' title='bbox 204 1067 244 1131; x_wconf 89' lang='lat' dir='ltr'>ad</span> <span class='ocrx_word' id='word_1_56' title='bbox 267 1069 426 1150; x_wconf 90' lang='lat' dir='ltr'>stuporem</span> <span class='ocrx_word' id='word_1_57' title='bbox 458 1064 597 1129; x_wconf 88' lang='lat' dir='ltr'>omnium</span> <span class='ocrx_word' id='word_1_58' title='bbox 627 1063 820 1128; x_wconf 86' lang='lat' dir='ltr'>uindicatum</span> <span class='ocrx_word' id='word_1_59' title='bbox 850 1076 908 1127; x_wconf 84' lang='lat' dir='ltr'>est.</span> <span class='ocrx_word' id='word_1_60' title='bbox 977 1063 1015 1127; x_wconf 89' lang='lat' dir='ltr'>ad</span> <span class='ocrx_word' id='word_1_61' title='bbox 1045 1064 1105 1129; x_wconf 91' lang='lat' dir='ltr'>hoc</span> <span class='ocrx_word' id='word_1_62' title='bbox 1128 1065 1210 1130; x_wconf 90' lang='lat' dir='ltr'>enim</span> <span class='ocrx_word' id='word_1_63' title='bbox 1232 1067 1326 1150; x_wconf 85' lang='lat' dir='ltr'>etiam</span> 
     </span>
     <span class='ocr_line' id='line_1_9' title="bbox 204 1168 1325 1256; baseline -0.002 -18"><span class='ocrx_word' id='word_1_64' title='bbox 204 1175 382 1256; x_wconf 80' lang='lat' dir='ltr'>praesentes</span> <span class='ocrx_word' id='word_1_65' title='bbox 413 1188 530 1252; x_wconf 86' lang='lat' dir='ltr'>poenas</span> <span class='ocrx_word' id='word_1_66' title='bbox 561 1168 833 1251; x_wconf 87' lang='lat' dir='ltr'>praeuaricationis</span> <span class='ocrx_word' id='word_1_67' title='bbox 866 1169 1075 1250; x_wconf 81' lang='lat' dir='ltr'>exposuimus,</span> <span class='ocrx_word' id='word_1_68' title='bbox 1112 1174 1149 1234; x_wconf 90' lang='lat' dir='ltr'>ut</span> <span class='ocrx_word' id='word_1_69' title='bbox 1184 1171 1266 1252; x_wconf 91' lang='lat' dir='ltr'>quod</span> <span class='ocrx_word' id='word_1_70' title='bbox 1295 1173 1325 1236; x_wconf 91' lang='lat' dir='ltr'>in</span> 
     </span>
     <span class='ocr_line' id='line_1_10' title="bbox 203 1273 1326 1364; baseline -0.001 -22"><span class='ocrx_word' id='word_1_71' title='bbox 203 1296 321 1364; x_wconf 87' lang='lat' dir='ltr'>paucos</span> <span class='ocrx_word' id='word_1_72' title='bbox 343 1275 535 1340; x_wconf 86' lang='lat' dir='ltr'>uindicatum</span> <span class='ocrx_word' id='word_1_73' title='bbox 567 1278 626 1351; x_wconf 90' lang='lat' dir='ltr'>est,</span> <span class='ocrx_word' id='word_1_74' title='bbox 659 1273 801 1337; x_wconf 88' lang='lat' dir='ltr'>credatur</span> <span class='ocrx_word' id='word_1_75' title='bbox 832 1276 863 1337; x_wconf 88' lang='lat' dir='ltr'>et</span> <span class='ocrx_word' id='word_1_76' title='bbox 893 1274 925 1339; x_wconf 90' lang='lat' dir='ltr'>in</span> <span class='ocrx_word' id='word_1_77' title='bbox 948 1292 1055 1339; x_wconf 89' lang='lat' dir='ltr'>ornnes</span> <span class='ocrx_word' id='word_1_78' title='bbox 1078 1290 1184 1340; x_wconf 85' lang='lat' dir='ltr'>eorum</span> <span class='ocrx_word' id='word_1_79' title='bbox 1207 1277 1326 1342; x_wconf 88' lang='lat' dir='ltr'>similes</span> 
     </span>
     <span class='ocr_line' id='line_1_11' title="bbox 157 1379 1325 1463; baseline 0.003 -20"><span class='ocrx_word' id='word_1_80' title='bbox 157 1405 183 1444; x_wconf 78' lang='lat' dir='ltr'>ro</span> <span class='ocrx_word' id='word_1_81' title='bbox 203 1382 366 1461; x_wconf 86' lang='lat' dir='ltr'>uindicari,</span> <span class='ocrx_word' id='word_1_82' title='bbox 388 1380 521 1445; x_wconf 84' lang='lat' dir='ltr'>maxime</span> <span class='ocrx_word' id='word_1_83' title='bbox 553 1398 625 1443; x_wconf 91' lang='lat' dir='ltr'>cum</span> <span class='ocrx_word' id='word_1_84' title='bbox 657 1382 689 1442; x_wconf 91' lang='lat' dir='ltr'>et</span> <span class='ocrx_word' id='word_1_85' title='bbox 719 1379 872 1461; x_wconf 88' lang='lat' dir='ltr'>scriptura</span> <span class='ocrx_word' id='word_1_86' title='bbox 894 1379 1000 1443; x_wconf 85' lang='lat' dir='ltr'>diuina</span> <span class='ocrx_word' id='word_1_87' title='bbox 1022 1380 1081 1445; x_wconf 91' lang='lat' dir='ltr'>hoc</span> <span class='ocrx_word' id='word_1_88' title='bbox 1112 1381 1216 1463; x_wconf 89' lang='lat' dir='ltr'>ipsum</span> <span class='ocrx_word' id='word_1_89' title='bbox 1239 1383 1325 1448; x_wconf 87' lang='lat' dir='ltr'>adse·</span> 
     </span>
     <span class='ocr_line' id='line_1_12' title="bbox 203 1484 1327 1571; baseline -0.002 -17"><span class='ocrx_word' id='word_1_90' title='bbox 203 1491 302 1567; x_wconf 86' lang='lat' dir='ltr'>neret,</span> <span class='ocrx_word' id='word_1_91' title='bbox 325 1487 409 1571; x_wconf 85' lang='lat' dir='ltr'>quod</span> <span class='ocrx_word' id='word_1_92' title='bbox 431 1491 463 1551; x_wconf 90' lang='lat' dir='ltr'>et</span> <span class='ocrx_word' id='word_1_93' title='bbox 483 1505 539 1568; x_wconf 87' lang='lat' dir='ltr'>pen</span> <span class='ocrx_word' id='word_1_94' title='bbox 561 1484 735 1568; x_wconf 84' lang='lat' dir='ltr'>praesentia</span> <span class='ocrx_word' id='word_1_95' title='bbox 766 1485 951 1549; x_wconf 89' lang='lat' dir='ltr'>documenta</span> <span class='ocrx_word' id='word_1_96' title='bbox 981 1488 1189 1552; x_wconf 88' lang='lat' dir='ltr'>monstratum</span> <span class='ocrx_word' id='word_1_97' title='bbox 1212 1490 1270 1566; x_wconf 83' lang='lat' dir='ltr'>est,</span> <span class='ocrx_word' id='word_1_98' title='bbox 1294 1492 1327 1552; x_wconf 87' lang='lat' dir='ltr'>et</span> 
     </span>
     <span class='ocr_line' id='line_1_13' title="bbox 202 1590 1326 1676; baseline 0 -18"><span class='ocrx_word' id='word_1_99' title='bbox 202 1595 264 1660; x_wconf 90' lang='lat' dir='ltr'>boc</span> <span class='ocrx_word' id='word_1_100' title='bbox 286 1592 508 1668; x_wconf 81' lang='lat' dir='ltr'>consideretur,</span> <span class='ocrx_word' id='word_1_101' title='bbox 536 1590 670 1674; x_wconf 90' lang='lat' dir='ltr'>piissimi</span> <span class='ocrx_word' id='word_1_102' title='bbox 700 1590 911 1672; x_wconf 85' lang='lat' dir='ltr'>imperatores,</span> <span class='ocrx_word' id='word_1_103' title='bbox 941 1590 972 1653; x_wconf 95' lang='lat' dir='ltr'>in</span> <span class='ocrx_word' id='word_1_104' title='bbox 1005 1610 1065 1673; x_wconf 87' lang='lat' dir='ltr'>quo</span> <span class='ocrx_word' id='word_1_105' title='bbox 1097 1593 1142 1656; x_wconf 91' lang='lat' dir='ltr'>rei</span> <span class='ocrx_word' id='word_1_106' title='bbox 1166 1597 1248 1668; x_wconf 77' lang='lat' dir='ltr'>sunt,</span> <span class='ocrx_word' id='word_1_107' title='bbox 1273 1594 1326 1676; x_wconf 93' lang='lat' dir='ltr'>qui</span> 
     </span>
     <span class='ocr_line' id='line_1_14' title="bbox 203 1696 1326 1782; baseline -0.002 -17"><span class='ocrx_word' id='word_1_108' title='bbox 203 1719 276 1765; x_wconf 91' lang='lat' dir='ltr'>oum</span> <span class='ocrx_word' id='word_1_109' title='bbox 298 1698 416 1762; x_wconf 88' lang='lat' dir='ltr'>talibus</span> <span class='ocrx_word' id='word_1_110' title='bbox 440 1697 545 1760; x_wconf 88' lang='lat' dir='ltr'>diuina</span> <span class='ocrx_word' id='word_1_111' title='bbox 567 1697 760 1760; x_wconf 85' lang='lat' dir='ltr'>sacramenta</span> <span class='ocrx_word' id='word_1_112' title='bbox 782 1713 842 1759; x_wconf 92' lang='lat' dir='ltr'>non</span> <span class='ocrx_word' id='word_1_113' title='bbox 867 1696 1023 1776; x_wconf 87' lang='lat' dir='ltr'>copulant,</span> <span class='ocrx_word' id='word_1_114' title='bbox 1048 1716 1180 1778; x_wconf 90' lang='lat' dir='ltr'>quorum</span> <span class='ocrx_word' id='word_1_115' title='bbox 1203 1702 1234 1762; x_wconf 91' lang='lat' dir='ltr'>et</span> <span class='ocrx_word' id='word_1_116' title='bbox 1256 1718 1326 1782; x_wconf 90' lang='lat' dir='ltr'>per·</span> 
     </span>
     <span class='ocr_line' id='line_1_15' title="bbox 202 1801 1327 1888; baseline -0.001 -18"><span class='ocrx_word' id='word_1_117' title='bbox 202 1808 299 1887; x_wconf 88' lang='lat' dir='ltr'>petua</span> <span class='ocrx_word' id='word_1_118' title='bbox 312 1802 467 1887; x_wconf 86' lang='lat' dir='ltr'>supplicia</span> <span class='ocrx_word' id='word_1_119' title='bbox 481 1801 577 1867; x_wconf 90' lang='lat' dir='ltr'>sacris</span> <span class='ocrx_word' id='word_1_120' title='bbox 595 1802 743 1887; x_wconf 83' lang='lat' dir='ltr'>leguntur</span> <span class='ocrx_word' id='word_1_121' title='bbox 755 1801 787 1864; x_wconf 89' lang='lat' dir='ltr'>in</span> <span class='ocrx_word' id='word_1_122' title='bbox 799 1801 887 1865; x_wconf 89' lang='lat' dir='ltr'>libris</span> <span class='ocrx_word' id='word_1_123' title='bbox 902 1803 935 1865; x_wconf 89' lang='lat' dir='ltr'>et</span> <span class='ocrx_word' id='word_1_124' title='bbox 948 1802 1172 1884; x_wconf 87' lang='lat' dir='ltr'>suppliciorum</span> <span class='ocrx_word' id='word_1_125' title='bbox 1187 1806 1327 1888; x_wconf 86' lang='lat' dir='ltr'>exempla</span> 
     </span>
     <span class='ocr_line' id='line_1_16' title="bbox 166 1909 564 1979; baseline -0.013 0"><span class='ocrx_word' id='word_1_126' title='bbox 166 1939 183 1979; x_wconf 80' lang='lat' dir='ltr'>a</span> <span class='ocrx_word' id='word_1_127' title='bbox 204 1909 351 1974; x_wconf 87' lang='lat' dir='ltr'>uidentur</span> <span class='ocrx_word' id='word_1_128' title='bbox 371 1909 403 1973; x_wconf 92' lang='lat' dir='ltr'>in</span> <span class='ocrx_word' id='word_1_129' title='bbox 427 1909 564 1974; x_wconf 89' lang='lat' dir='ltr'>saeculo.</span> 
     </span>
    </p>

    <p class='ocr_par' dir='ltr' id='par_1_3' title="bbox 203 2013 1396 2414">
     <span class='ocr_line' id='line_1_17' title="bbox 249 2013 1396 2097; baseline -0.002 -17"><span class='ocrx_word' id='word_1_130' title='bbox 249 2014 311 2081; x_wconf 88' lang='lat' dir='ltr'>Sed</span> <span class='ocrx_word' id='word_1_131' title='bbox 343 2032 532 2097; x_wconf 87' lang='lat' dir='ltr'>quaesumus</span> <span class='ocrx_word' id='word_1_132' title='bbox 563 2013 674 2077; x_wconf 87' lang='lat' dir='ltr'>miram</span> <span class='ocrx_word' id='word_1_133' title='bbox 700 2013 942 2077; x_wconf 88' lang='lat' dir='ltr'>beniuolentiam</span> <span class='ocrx_word' id='word_1_134' title='bbox 974 2017 1122 2089; x_wconf 82' lang='lat' dir='ltr'>uestram,</span> <span class='ocrx_word' id='word_1_135' title='bbox 1154 2017 1190 2078; x_wconf 93' lang='lat' dir='ltr'>ut</span> <span class='ocrx_word' id='word_1_136' title='bbox 1225 2015 1396 2079; x_wconf 59' lang='lat' dir='ltr'>adhucdss‘</span> 
     </span>
     <span class='ocr_line' id='line_1_18' title="bbox 204 2117 1327 2203; baseline 0 -18"><span class='ocrx_word' id='word_1_137' title='bbox 204 2121 295 2186; x_wconf 92' lang='lat' dir='ltr'>nobis</span> <span class='ocrx_word' id='word_1_138' title='bbox 325 2138 380 2203; x_wconf 86' lang='lat' dir='ltr'>pro</span> <span class='ocrx_word' id='word_1_139' title='bbox 413 2118 672 2201; x_wconf 86' lang='lat' dir='ltr'>contemplatione</span> <span class='ocrx_word' id='word_1_140' title='bbox 696 2117 811 2183; x_wconf 80' lang='lat' dir='ltr'>Christi</span> <span class='ocrx_word' id='word_1_141' title='bbox 844 2119 894 2183; x_wconf 91' lang='lat' dir='ltr'>dei</span> <span class='ocrx_word' id='word_1_142' title='bbox 923 2120 1151 2203; x_wconf 85' lang='lat' dir='ltr'>infatigabilem</span> <span class='ocrx_word' id='word_1_143' title='bbox 1183 2121 1327 2186; x_wconf 79' lang='lat' dir='ltr'>erudiendi</span> 
     </span>
     <span class='ocr_line' id='line_1_19' title="bbox 203 2224 1325 2309; baseline 0 -19"><span class='ocrx_word' id='word_1_144' title='bbox 203 2227 385 2309; x_wconf 87' lang='lat' dir='ltr'>patientiam</span> <span class='ocrx_word' id='word_1_145' title='bbox 422 2224 636 2301; x_wconf 83' lang='lat' dir='ltr'>commodetis,</span> <span class='ocrx_word' id='word_1_146' title='bbox 679 2224 752 2288; x_wconf 90' lang='lat' dir='ltr'>dnm</span> <span class='ocrx_word' id='word_1_147' title='bbox 790 2224 901 2303; x_wconf 82' lang='lat' dir='ltr'>adhuc,</span> <span class='ocrx_word' id='word_1_148' title='bbox 939 2227 1119 2291; x_wconf 89' lang='lat' dir='ltr'>summatim</span> <span class='ocrx_word' id='word_1_149' title='bbox 1154 2227 1244 2302; x_wconf 84' lang='lat' dir='ltr'>licet,</span> <span class='ocrx_word' id='word_1_150' title='bbox 1277 2246 1325 2291; x_wconf 81' lang='lat' dir='ltr'>ex·</span> 
     </span>
     <span class='ocr_line' id='line_1_20' title="bbox 203 2330 1325 2414; baseline -0.002 -18"><span class='ocrx_word' id='word_1_151' title='bbox 203 2332 359 2414; x_wconf 87' lang='lat' dir='ltr'>ponimus,</span> <span class='ocrx_word' id='word_1_152' title='bbox 401 2330 432 2393; x_wconf 94' lang='lat' dir='ltr'>iu</span> <span class='ocrx_word' id='word_1_153' title='bbox 475 2332 624 2411; x_wconf 86' lang='lat' dir='ltr'>quantum</span> <span class='ocrx_word' id='word_1_154' title='bbox 670 2330 769 2394; x_wconf 87' lang='lat' dir='ltr'>creuit</span> <span class='ocrx_word' id='word_1_155' title='bbox 813 2330 967 2412; x_wconf 82' lang='lat' dir='ltr'>impietas.</span> <span class='ocrx_word' id='word_1_156' title='bbox 1005 2332 1198 2396; x_wconf 80' lang='lat' dir='ltr'>execrabiles</span> <span class='ocrx_word' id='word_1_157' title='bbox 1243 2332 1325 2396; x_wconf 90' lang='lat' dir='ltr'>enim</span> 
     </span>
    </p>

    <p class='ocr_par' dir='ltr' id='par_1_4' title="bbox 153 2433 1326 2944">
     <span class='ocr_line' id='line_1_21' title="bbox 153 2433 1325 2518; baseline 0.001 -18"><span class='ocrx_word' id='word_1_158' title='bbox 153 2469 183 2508; x_wconf 49' lang='grc' dir='ltr'>ρο</span> <span class='ocrx_word' id='word_1_159' title='bbox 204 2435 326 2501; x_wconf 82' lang='lat' dir='ltr'>Arriani</span> <span class='ocrx_word' id='word_1_160' title='bbox 360 2434 392 2498; x_wconf 89' lang='lat' dir='ltr'>in</span> <span class='ocrx_word' id='word_1_161' title='bbox 427 2433 567 2516; x_wconf 85' lang='lat' dir='ltr'>partibus</span> <span class='ocrx_word' id='word_1_162' title='bbox 604 2433 739 2511; x_wconf 85' lang='lat' dir='ltr'>Orientis</span> <span class='ocrx_word' id='word_1_163' title='bbox 776 2437 807 2498; x_wconf 88' lang='lat' dir='ltr'>et</span> <span class='ocrx_word' id='word_1_164' title='bbox 842 2435 973 2498; x_wconf 88' lang='lat' dir='ltr'>maxime</span> <span class='ocrx_word' id='word_1_165' title='bbox 1010 2436 1041 2499; x_wconf 88' lang='lat' dir='ltr'>in</span> <span class='ocrx_word' id='word_1_166' title='bbox 1073 2436 1223 2518; x_wconf 72' lang='lat' dir='ltr'>Aegypto</span> <span class='ocrx_word' id='word_1_167' title='bbox 1264 2456 1325 2501; x_wconf 91' lang='lat' dir='ltr'>non</span> 
     </span>
     <span class='ocr_line' id='line_1_22' title="bbox 204 2540 1326 2626; baseline 0 -20"><span class='ocrx_word' id='word_1_168' title='bbox 204 2542 330 2606; x_wconf 89' lang='lat' dir='ltr'>fuerunt</span> <span class='ocrx_word' id='word_1_169' title='bbox 355 2540 414 2604; x_wconf 92' lang='lat' dir='ltr'>hoc</span> <span class='ocrx_word' id='word_1_170' title='bbox 446 2541 512 2604; x_wconf 92' lang='lat' dir='ltr'>solo</span> <span class='ocrx_word' id='word_1_171' title='bbox 536 2541 683 2617; x_wconf 79' lang='lat' dir='ltr'>contenti,</span> <span class='ocrx_word' id='word_1_172' title='bbox 715 2544 752 2604; x_wconf 90' lang='lat' dir='ltr'>ut</span> <span class='ocrx_word' id='word_1_173' title='bbox 774 2541 912 2623; x_wconf 90' lang='lat' dir='ltr'>episcopi</span> <span class='ocrx_word' id='word_1_174' title='bbox 939 2541 1083 2605; x_wconf 88' lang='lat' dir='ltr'>damnata</span> <span class='ocrx_word' id='word_1_175' title='bbox 1114 2541 1173 2605; x_wconf 92' lang='lat' dir='ltr'>fide</span> <span class='ocrx_word' id='word_1_176' title='bbox 1204 2543 1326 2626; x_wconf 87' lang='lat' dir='ltr'>integra</span> 
     </span>
     <span class='ocr_line' id='line_1_23' title="bbox 203 2645 1325 2730; baseline 0.001 -19"><span class='ocrx_word' id='word_1_177' title='bbox 203 2648 235 2710; x_wconf 93' lang='lat' dir='ltr'>in</span> <span class='ocrx_word' id='word_1_178' title='bbox 263 2665 370 2711; x_wconf 88' lang='lat' dir='ltr'>eorum</span> <span class='ocrx_word' id='word_1_179' title='bbox 398 2645 526 2727; x_wconf 88' lang='lat' dir='ltr'>impiam</span> <span class='ocrx_word' id='word_1_180' title='bbox 557 2647 742 2710; x_wconf 88' lang='lat' dir='ltr'>senteutiam</span> <span class='ocrx_word' id='word_1_181' title='bbox 770 2645 969 2720; x_wconf 81' lang='lat' dir='ltr'>declinarent,</span> <span class='ocrx_word' id='word_1_182' title='bbox 994 2646 1049 2710; x_wconf 92' lang='lat' dir='ltr'>sed</span> <span class='ocrx_word' id='word_1_183' title='bbox 1071 2647 1128 2711; x_wconf 93' lang='lat' dir='ltr'>hos</span> <span class='ocrx_word' id='word_1_184' title='bbox 1150 2646 1247 2729; x_wconf 87' lang='lat' dir='ltr'>ipsos,</span> <span class='ocrx_word' id='word_1_185' title='bbox 1272 2648 1325 2730; x_wconf 90' lang='lat' dir='ltr'>qui</span> 
     </span>
     <span class='ocr_line' id='line_1_24' title="bbox 203 2750 1323 2836; baseline 0 -20"><span class='ocrx_word' id='word_1_186' title='bbox 203 2753 340 2835; x_wconf 81' lang='lat' dir='ltr'>primum</span> <span class='ocrx_word' id='word_1_187' title='bbox 371 2751 493 2815; x_wconf 86' lang='lat' dir='ltr'>fuerant</span> <span class='ocrx_word' id='word_1_188' title='bbox 522 2770 577 2833; x_wconf 87' lang='lat' dir='ltr'>per·</span> <span class='ocrx_word' id='word_1_189' title='bbox 608 2750 778 2816; x_wconf 87' lang='lat' dir='ltr'>catholicos</span> <span class='ocrx_word' id='word_1_190' title='bbox 815 2752 977 2834; x_wconf 85' lang='lat' dir='ltr'>episcopos</span> <span class='ocrx_word' id='word_1_191' title='bbox 1010 2752 1153 2828; x_wconf 77' lang='lat' dir='ltr'>ordinati,</span> <span class='ocrx_word' id='word_1_192' title='bbox 1184 2753 1239 2816; x_wconf 94' lang='lat' dir='ltr'>ubi</span> <span class='ocrx_word' id='word_1_193' title='bbox 1269 2771 1323 2836; x_wconf 87' lang='lat' dir='ltr'>pro</span> 
     </span>
     <span class='ocr_line' id='line_1_25' title="bbox 204 2856 1311 2944; baseline -0.002 -23"><span class='ocrx_word' id='word_1_194' title='bbox 204 2876 312 2944; x_wconf 87' lang='lat' dir='ltr'>eorum</span> <span class='ocrx_word' id='word_1_195' title='bbox 339 2856 499 2921; x_wconf 84' lang='lat' dir='ltr'>desideriis</span> <span class='ocrx_word' id='word_1_196' title='bbox 523 2857 782 2939; x_wconf 87' lang='lat' dir='ltr'>subscripserunt,</span> <span class='ocrx_word' id='word_1_197' title='bbox 809 2857 840 2921; x_wconf 89' lang='lat' dir='ltr'>in</span> <span class='ocrx_word' id='word_1_198' title='bbox 868 2858 1018 2922; x_wconf 87' lang='lat' dir='ltr'>laicorum</span> <span class='ocrx_word' id='word_1_199' title='bbox 1041 2877 1203 2923; x_wconf 88' lang='lat' dir='ltr'>nnmerum</span> <span class='ocrx_word' id='word_1_200' title='bbox 1225 2859 1311 2942; x_wconf 84' lang='lat' dir='ltr'>exige</span> 
     </span>
    </p>

    <p class='ocr_par' dir='ltr' id='par_1_5' title="bbox 154 2962 1375 3465">
     <span class='ocr_line' id='line_1_26' title="bbox 154 2962 1312 3046; baseline -0.002 -20"><span class='ocrx_word' id='word_1_201' title='bbox 154 2971 184 3012; x_wconf 75' lang='lat'>²⁵</span> <span class='ocrx_word' id='word_1_202' title='bbox 204 2964 280 3027; x_wconf 89' lang='lat' dir='ltr'>bant</span> <span class='ocrx_word' id='word_1_203' title='bbox 320 2966 352 3026; x_wconf 91' lang='lat' dir='ltr'>et</span> <span class='ocrx_word' id='word_1_204' title='bbox 385 2964 495 3043; x_wconf 86' lang='lat' dir='ltr'>postea</span> <span class='ocrx_word' id='word_1_205' title='bbox 529 2962 640 3025; x_wconf 89' lang='lat' dir='ltr'>iterum</span> <span class='ocrx_word' id='word_1_206' title='bbox 677 2980 730 3027; x_wconf 88' lang='lat' dir='ltr'>cos</span> <span class='ocrx_word' id='word_1_207' title='bbox 761 2962 845 3027; x_wconf 90' lang='lat' dir='ltr'>idem</span> <span class='ocrx_word' id='word_1_208' title='bbox 875 2962 1022 3028; x_wconf 84' lang='lat' dir='ltr'>haeretici</span> <span class='ocrx_word' id='word_1_209' title='bbox 1053 2963 1214 3046; x_wconf 90' lang='lat' dir='ltr'>episcopos</span> <span class='ocrx_word' id='word_1_210' title='bbox 1244 2963 1312 3027; x_wconf 88' lang='lat' dir='ltr'>ordi</span> 
     </span>
     <span class='ocr_line' id='line_1_27' title="bbox 205 3067 1325 3145; baseline 0 -13"><span class='ocrx_word' id='word_1_211' title='bbox 205 3067 388 3145; x_wconf 72' lang='lat' dir='ltr'>subnatat</span> <span class='ocrx_word' id='word_1_212' title='bbox 405 3086 478 3132; x_wconf 87' lang='lat' dir='ltr'>non</span> <span class='ocrx_word' id='word_1_213' title='bbox 510 3068 612 3132; x_wconf 88' lang='lat' dir='ltr'>solum</span> <span class='ocrx_word' id='word_1_214' title='bbox 644 3067 736 3132; x_wconf 86' lang='lat' dir='ltr'>tidem</span> <span class='ocrx_word' id='word_1_215' title='bbox 759 3068 943 3132; x_wconf 87' lang='lat' dir='ltr'>catholicam</span> <span class='ocrx_word' id='word_1_216' title='bbox 975 3070 1119 3132; x_wconf 86' lang='lat' dir='ltr'>damnare</span> <span class='ocrx_word' id='word_1_217' title='bbox 1146 3068 1325 3132; x_wconf 88' lang='lat' dir='ltr'>uiderentur</span> 
     </span>
     <span class='ocr_line' id='line_1_28' title="bbox 205 3171 1375 3263; baseline 0.001 -24"><span class='ocrx_word' id='word_1_218' title='bbox 205 3173 375 3239; x_wconf 90' lang='lat' dir='ltr'>sedetiam</span> <span class='ocrx_word' id='word_1_219' title='bbox 398 3171 620 3263; x_wconf 83' lang='lat' dir='ltr'>ordinationem</span> <span class='ocrx_word' id='word_1_220' title='bbox 642 3172 757 3235; x_wconf 88' lang='lat' dir='ltr'>factam</span> <span class='ocrx_word' id='word_1_221' title='bbox 780 3192 834 3256; x_wconf 89' lang='lat' dir='ltr'>per·</span> <span class='ocrx_word' id='word_1_222' title='bbox 847 3172 1017 3251; x_wconf 89' lang='lat' dir='ltr'>catholicos</span> <span class='ocrx_word' id='word_1_223' title='bbox 1041 3173 1212 3255; x_wconf 89' lang='lat' dir='ltr'>episcopos.</span> <span class='ocrx_word' id='word_1_224' title='bbox 1279 3173 1324 3236; x_wconf 95' lang='lat' dir='ltr'>in·</span> <span class='ocrx_word' id='word_1_225' title='bbox 1333 3178 1375 3240; x_wconf 85' lang='grc'>49</span> 
     </span>
     <span class='ocr_line' id='line_1_29' title="bbox 204 3266 1324 3361; baseline -0.002 -19"><span class='ocrx_word' id='word_1_226' title='bbox 204 3278 322 3343; x_wconf 87' lang='lat' dir='ltr'>tendite</span> <span class='ocrx_word' id='word_1_227' title='bbox 344 3276 375 3341; x_wconf 90' lang='lat' dir='ltr'>in</span> <span class='ocrx_word' id='word_1_228' title='bbox 397 3266 458 3342; x_wconf 86' lang='lat' dir='ltr'>hoc</span> <span class='ocrx_word' id='word_1_229' title='bbox 480 3277 630 3341; x_wconf 78' lang='lat' dir='ltr'>aduersus</span> <span class='ocrx_word' id='word_1_230' title='bbox 654 3276 823 3343; x_wconf 88' lang='lat' dir='ltr'>catholicos</span> <span class='ocrx_word' id='word_1_231' title='bbox 848 3279 936 3361; x_wconf 85' lang='lat' dir='ltr'>quasi</span> <span class='ocrx_word' id='word_1_232' title='bbox 960 3278 1114 3358; x_wconf 88' lang='lat' dir='ltr'>quendam</span> <span class='ocrx_word' id='word_1_233' title='bbox 1131 3279 1324 3361; x_wconf 87' lang='lat' dir='ltr'>triumphum</span> 
     </span>
     <span class='ocr_line' id='line_1_30' title="bbox 203 3382 1324 3465; baseline -0.002 -17"><span class='ocrx_word' id='word_1_234' title='bbox 203 3383 429 3448; x_wconf 87' lang='lat' dir='ltr'>haereticomm</span> <span class='ocrx_word' id='word_1_235' title='bbox 459 3385 491 3447; x_wconf 93' lang='lat' dir='ltr'>et</span> <span class='ocrx_word' id='word_1_236' title='bbox 518 3382 663 3447; x_wconf 85' lang='lat' dir='ltr'>miseram</span> <span class='ocrx_word' id='word_1_237' title='bbox 694 3385 727 3447; x_wconf 87' lang='lat' dir='ltr'>et</span> <span class='ocrx_word' id='word_1_238' title='bbox 757 3384 846 3465; x_wconf 89' lang='lat' dir='ltr'>quasi</span> <span class='ocrx_word' id='word_1_239' title='bbox 877 3383 1021 3448; x_wconf 89' lang='lat' dir='ltr'>ultimam</span> <span class='ocrx_word' id='word_1_240' title='bbox 1052 3391 1083 3447; x_wconf 91' lang='lat' dir='ltr'>et</span> <span class='ocrx_word' id='word_1_241' title='bbox 1113 3383 1324 3448; x_wconf 84' lang='lat' dir='ltr'>foedissimam</span> 
     </span>
    </p>

    <p class='ocr_par' dir='ltr' id='par_1_6' title="bbox 157 3487 1325 3892">
     <span class='ocr_line' id='line_1_31' title="bbox 157 3487 1325 3573; baseline -0.003 -19"><span class='ocrx_word' id='word_1_242' title='bbox 157 3508 185 3548; x_wconf 83' lang='lat' dir='ltr'>m</span> <span class='ocrx_word' id='word_1_243' title='bbox 206 3489 419 3572; x_wconf 81' lang='lat' dir='ltr'>captiuitatem</span> <span class='ocrx_word' id='word_1_244' title='bbox 442 3489 473 3552; x_wconf 93' lang='lat' dir='ltr'>in</span> <span class='ocrx_word' id='word_1_245' title='bbox 497 3489 546 3554; x_wconf 90' lang='lat' dir='ltr'>his</span> <span class='ocrx_word' id='word_1_246' title='bbox 570 3489 735 3572; x_wconf 82' lang='lat' dir='ltr'>episcopis,</span> <span class='ocrx_word' id='word_1_247' title='bbox 760 3509 821 3573; x_wconf 87' lang='lat' dir='ltr'>qua</span> <span class='ocrx_word' id='word_1_248' title='bbox 842 3490 986 3554; x_wconf 87' lang='lat' dir='ltr'>damnata</span> <span class='ocrx_word' id='word_1_249' title='bbox 1008 3489 1059 3572; x_wconf 88' lang='lat' dir='ltr'>pia</span> <span class='ocrx_word' id='word_1_250' title='bbox 1081 3487 1142 3552; x_wconf 91' lang='lat' dir='ltr'>fide</span> <span class='ocrx_word' id='word_1_251' title='bbox 1165 3494 1198 3553; x_wconf 87' lang='lat' dir='ltr'>ct</span> <span class='ocrx_word' id='word_1_252' title='bbox 1219 3488 1325 3553; x_wconf 89' lang='lat' dir='ltr'>catho-</span> 
     </span>
     <span class='ocr_line' id='line_1_32' title="bbox 204 3594 1325 3680; baseline -0.003 -20"><span class='ocrx_word' id='word_1_253' title='bbox 204 3596 274 3663; x_wconf 90' lang='lat' dir='ltr'>licis</span> <span class='ocrx_word' id='word_1_254' title='bbox 293 3596 447 3680; x_wconf 88' lang='lat' dir='ltr'>episcopis</span> <span class='ocrx_word' id='word_1_255' title='bbox 461 3597 493 3660; x_wconf 91' lang='lat' dir='ltr'>in</span> <span class='ocrx_word' id='word_1_256' title='bbox 508 3615 614 3661; x_wconf 88' lang='lat' dir='ltr'>comm</span> <span class='ocrx_word' id='word_1_257' title='bbox 628 3615 661 3661; x_wconf 90' lang='lat' dir='ltr'>se</span> <span class='ocrx_word' id='word_1_258' title='bbox 675 3596 845 3662; x_wconf 89' lang='lat' dir='ltr'>dominium</span> <span class='ocrx_word' id='word_1_259' title='bbox 860 3596 1115 3679; x_wconf 88' lang='lat' dir='ltr'>delusionemque</span> <span class='ocrx_word' id='word_1_260' title='bbox 1132 3594 1325 3659; x_wconf 85' lang='lat' dir='ltr'>tradiderunt</span> 
     </span>
     <span class='ocr_line' id='line_1_33' title="bbox 204 3700 1323 3786; baseline -0.002 -20"><span class='ocrx_word' id='word_1_261' title='bbox 204 3706 291 3768; x_wconf 90' lang='lat' dir='ltr'>metu</span> <span class='ocrx_word' id='word_1_262' title='bbox 322 3702 405 3769; x_wconf 81' lang='lat' dir='ltr'>exilii</span> <span class='ocrx_word' id='word_1_263' title='bbox 438 3707 469 3768; x_wconf 91' lang='lat' dir='ltr'>ct</span> <span class='ocrx_word' id='word_1_264' title='bbox 499 3705 536 3766; x_wconf 88' lang='lat' dir='ltr'>ut</span> <span class='ocrx_word' id='word_1_265' title='bbox 566 3703 741 3786; x_wconf 87' lang='lat' dir='ltr'>episcopale</span> <span class='ocrx_word' id='word_1_266' title='bbox 768 3721 880 3767; x_wconf 89' lang='lat' dir='ltr'>nomen</span> <span class='ocrx_word' id='word_1_267' title='bbox 912 3702 994 3785; x_wconf 84' lang='lat' dir='ltr'>apud</span> <span class='ocrx_word' id='word_1_268' title='bbox 1024 3701 1165 3766; x_wconf 88' lang='lat' dir='ltr'>homines</span> <span class='ocrx_word' id='word_1_269' title='bbox 1192 3700 1323 3765; x_wconf 85' lang='lat' dir='ltr'>retinere</span> 
     </span>
     <span class='ocr_line' id='line_1_34' title="bbox 205 3805 1323 3892; baseline -0.004 -20"><span class='ocrx_word' id='word_1_270' title='bbox 205 3808 393 3888; x_wconf 83' lang='lat' dir='ltr'>uiderentur,</span> <span class='ocrx_word' id='word_1_271' title='bbox 416 3809 499 3892; x_wconf 89' lang='lat' dir='ltr'>quod</span> <span class='ocrx_word' id='word_1_272' title='bbox 521 3809 629 3892; x_wconf 91' lang='lat' dir='ltr'>utique</span> <span class='ocrx_word' id='word_1_273' title='bbox 651 3809 713 3873; x_wconf 87' lang='lat' dir='ltr'>iam</span> <span class='ocrx_word' id='word_1_274' title='bbox 745 3810 827 3890; x_wconf 90' lang='lat' dir='ltr'>apud</span> <span class='ocrx_word' id='word_1_275' title='bbox 858 3809 951 3873; x_wconf 91' lang='lat' dir='ltr'>deum</span> <span class='ocrx_word' id='word_1_276' title='bbox 981 3811 1054 3891; x_wconf 88' lang='lat' dir='ltr'>post</span> <span class='ocrx_word' id='word_1_277' title='bbox 1080 3805 1323 3888; x_wconf 87' lang='lat' dir='ltr'>subscriptiones</span> 
     </span>
    </p>
   </div>
   <div class='ocr_carea' id='block_1_3' title="bbox 205 3919 1326 4115">
    <p class='ocr_par' dir='ltr' id='par_1_7' title="bbox 205 3919 1326 4115">
     <span class='ocr_line' id='line_1_35' title="bbox 238 3919 1326 4028; baseline -0.006 -18"><span class='ocrx_word' id='word_1_278' title='bbox 238 3958 307 4010; x_wconf 69' lang='lat' dir='ltr'>bne</span> <span class='ocrx_word' id='word_1_279' title='bbox 326 3957 391 4012; x_wconf 84' lang='lat' dir='ltr'>add.</span> <span class='ocrx_word' id='word_1_280' title='bbox 411 3953 438 4028; x_wconf 66' lang='grc' dir='ltr'>ρ2</span> <span class='ocrx_word' id='word_1_281' title='bbox 483 3957 515 4010; x_wconf 88' lang='grc'>19</span> <span class='ocrx_word' id='word_1_282' title='bbox 534 3956 687 4010; x_wconf 84' lang='lat' dir='ltr'>execrabilis</span> <span class='ocrx_word' id='word_1_283' title='bbox 704 3956 735 4021; x_wconf 88' lang='lat' dir='ltr'>V,</span> <span class='ocrx_word' id='word_1_284' title='bbox 754 3972 854 4011; x_wconf 72' lang='lat' dir='ltr'>sorau</span> <span class='ocrx_word' id='word_1_285' title='bbox 904 3957 938 4010; x_wconf 82' lang='lat'>20</span> <span class='ocrx_word' id='word_1_286' title='bbox 958 3955 1099 4026; x_wconf 85' lang='lat' dir='ltr'>egyptoV</span> <span class='ocrx_word' id='word_1_287' title='bbox 1144 3954 1178 4009; x_wconf 70' lang='lat'>28</span> <span class='ocrx_word' id='word_1_288' title='bbox 1196 3919 1326 4025; x_wconf 61' lang='lat' dir='ltr'>ssndmnV</span> 
     </span>
     <span class='ocr_line' id='line_1_36' title="bbox 205 4043 1324 4115; baseline -0.006 -15"><span class='ocrx_word' id='word_1_289' title='bbox 205 4046 239 4100; x_wconf 79' lang='lat' dir='ltr'>ab</span> <span class='ocrx_word' id='word_1_290' title='bbox 257 4062 310 4115; x_wconf 84' lang='lat' dir='ltr'>qua</span> <span class='ocrx_word' id='word_1_291' title='bbox 327 4045 453 4100; x_wconf 83' lang='lat' dir='ltr'>damnate</span> <span class='ocrx_word' id='word_1_292' title='bbox 471 4046 579 4114; x_wconf 73' lang='lat' dir='ltr'>compat.-</span> <span class='ocrx_word' id='word_1_293' title='bbox 598 4045 710 4114; x_wconf 84' lang='lat' dir='ltr'>quadam</span> <span class='ocrx_word' id='word_1_294' title='bbox 728 4051 793 4100; x_wconf 87' lang='lat' dir='ltr'>nata</span> <span class='ocrx_word' id='word_1_295' title='bbox 814 4046 846 4110; x_wconf 91' lang='lat' dir='ltr'>V,</span> <span class='ocrx_word' id='word_1_296' title='bbox 865 4046 1040 4100; x_wconf 83' lang='lat' dir='ltr'>condemnata</span> <span class='ocrx_word' id='word_1_297' title='bbox 1057 4043 1137 4099; x_wconf 78' lang='lat' dir='ltr'>Siras.</span> <span class='ocrx_word' id='word_1_298' title='bbox 1213 4043 1247 4095; x_wconf 77' lang='lat'>32</span> <span class='ocrx_word' id='word_1_299' title='bbox 1264 4056 1324 4110; x_wconf 88' lang='lat' dir='ltr'>per·</span> 
     </span>
    </p>
   </div>
   <div class='ocr_carea' id='block_1_4' title="bbox 205 4131 1253 4271">
    <p class='ocr_par' dir='ltr' id='par_1_8' title="bbox 205 4131 1253 4271">
     <span class='ocr_line' id='line_1_37' title="bbox 205 4131 574 4204; baseline 0 -17"><span class='ocrx_word' id='word_1_300' title='bbox 205 4134 290 4188; x_wconf 82' lang='lat' dir='ltr'>tinere</span> <span class='ocrx_word' id='word_1_301' title='bbox 314 4134 344 4198; x_wconf 90' lang='lat' dir='ltr'>V,</span> <span class='ocrx_word' id='word_1_302' title='bbox 355 4150 430 4201; x_wconf 77' lang='lat' dir='ltr'>corr.</span> <span class='ocrx_word' id='word_1_303' title='bbox 450 4131 477 4204; x_wconf 77' lang='lat' dir='ltr'>p²</span> <span class='ocrx_word' id='word_1_304' title='bbox 494 4132 574 4187; x_wconf 77' lang='lat' dir='ltr'>Sirue.</span> 
     </span>
     <span class='ocr_line' id='line_1_38' title="bbox 1222 4217 1253 4271; baseline 0 -24"><span class='ocrx_word' id='word_1_305' title='bbox 1222 4217 1253 4271; x_wconf 65' lang='lat'>2*</span> 
     </span>
    </p>
   </div>
   <div class='ocr_carea' id='block_1_5' title="bbox 0 0 1463 4672">
    <p class='ocr_par' dir='ltr' id='par_1_9' title="bbox 0 0 1463 4672">
     <span class='ocr_line' id='line_1_39' title="bbox 0 0 1463 4672; baseline 0 0"><span class='ocrx_word' id='word_1_306' title='bbox 0 0 1463 4672; x_wconf 95' lang='lat' dir='ltr'> </span> 
     </span>
    </p>
   </div>
  </div>
 </body>
</html>
