2904 4672
561 253 649 323 Epist.
667 253 805 308 nxxxrrr
823 255 972 310 arc-aea.
1273 262 1336 325 309

207 448 263 530 qui
283 467 340 530 per
362 457 495 512 errorem
518 466 612 511 unam
634 451 747 530 putans
770 448 800 512 iu
824 448 874 514 his
897 449 1068 531 praedicari
1090 454 1234 516 naturam
1251 453 1337 534 prius

207 553 402 636 uituperauit
424 553 562 634 capitula
585 556 617 617 et
638 556 711 635 post
729 552 921 618 declaratum
939 554 1000 619 sibi
1018 553 1213 622 intellectum
1231 576 1339 628 eorum

206 658 503 724 communicatorem
532 677 565 723 se
591 658 676 723 beati
705 658 813 740 Cyrilli
845 678 917 724 cum
950 659 1093 725 omnibus
1126 660 1337 727 Orientalibus

207 784 277 830 csse
303 765 465 847 professus
494 766 551 839 est,
579 763 610 828 iu
638 764 808 829 catholicae
834 765 907 828 fidei
938 765 1125 830 rectitudine
1158 768 1196 832 ab
1229 768 1338 832 eadem

173 869 451 942 scalchedonensi
483 869 601 952 synodo
634 869 791 934 iudicatus
824 864 874 934 est
904 872 1121 951 permansisse.
1153 873 1230 937 haec
1262 892 1335 958 ergo
1360 880 1423 947 279

205 977 315 1041 eadem
342 976 483 1059 synodus,
507 975 538 1038 in
566 975 716 1041 Dioscoro
746 979 839 1058 atque
859 977 1018 1059 Eutyche,
1047 977 1100 1060 qui
1124 996 1158 1042 se
1180 979 1259 1043 falso
1283 998 1338 1061 per

204 1083 333 1147 beatum
365 1081 516 1164 cyrillum
547 1081 703 1145 uelamine
733 1085 838 1166 tegere
870 1082 1056 1176 nitebantur,
1089 1083 1206 1149 uidens.
1231 1084 1336 1166 potius

189 1189 288 1252 >beati
335 1187 440 1270 Cyrilli
486 1187 770 1269 praedicationibus
810 1189 998 1254 Dioscorum
1039 1193 1132 1272 atque
1172 1190 1335 1275 Eutychen

204 1312 350 1376 apparere
383 1294 552 1358 contrarios
584 1312 640 1375 per
671 1294 740 1372 hec,
773 1295 856 1376 quod
887 1314 981 1359 unam
1013 1298 1087 1378 post
1118 1297 1336 1362 adunationem

160 1431 185 1469 ιο
203 1404 347 1464 naturam
373 1399 556 1480 blaspheme
585 1399 696 1480 spiritu
724 1399 954 1482 praedicabant,
983 1385 1079 1464 simili
1106 1404 1199 1485 atque
1226 1402 1335 1467 cadem

143 1503 148 1511 ’
203 1504 336 1569 eundem
377 1505 563 1568 Dioscorum
610 1523 681 1568 cum
726 1506 867 1589 Eutyche
913 1506 1069 1571 sententia
1113 1507 1335 1572 condemnauit

204 1609 368 1675 destruens
404 1611 599 1692 Ephesenam
639 1610 807 1674 secundam
843 1611 1038 1694 primamque
1072 1611 1268 1677 confirmans.

231 1717 288 1780 'Et
305 1715 379 1798 quia
396 1715 486 1780 nobis
505 1716 543 1779 de
562 1715 758 1780 Ezechihelis
776 1717 946 1798 prophetae
964 1718 1070 1782 uerbis
1089 1717 1224 1782 obicitur
1242 1717 1332 1796 illud,
1357 1712 1421 1776 280

202 1822 286 1904 qued
309 1822 349 1886 ad
372 1822 547 1886 sacerdotes
570 1821 741 1886 Ierusalem
764 1824 882 1887 malum
907 1824 1022 1888 abone
1043 1843 1102 1888 non
1121 1823 1332 1888 discernentes

157 1940 184 1999 13
203 1947 238 1991 en
265 1945 395 2010 persona
427 1926 543 1992 domiui
576 1927 716 1991 dicebat:
748 1926 967 1992 sacerdotes
999 1929 1079 1992 eius
1111 1932 1331 2012 spernentes

202 2033 321 2119 legem
353 2051 469 2097 meam
502 2036 538 2096 et
570 2031 909 2114 coinquinauerunt
940 2037 1069 2098 sancta
1100 2053 1191 2113 mea,
1234 2033 1332 2097 inter

202 2142 373 2203 sanctum
415 2142 453 2202 et
491 2139 680 2221 pollutum
716 2158 786 2202 non
825 2137 1114 2222 distinguebant
1150 2141 1186 2204 et
1220 2139 1330 2204 inter-

201 2245 361 2308 medium
375 2243 502 2317 mundi
516 2245 553 2307 ct
565 2242 732 2307 inmundi
750 2253 819 2308 non
838 2245 1094 2323 secernebant,
1114 2244 1207 2309 debet
1223 2250 1331 2309 uestra

200 2349 302 2432 pietas
323 2349 440 2431 pariter
462 2349 627 2414 uobiscum
650 2352 683 2413 et
704 2349 921 2414 uniuersorum
945 2349 1038 2414 corda
1059 2349 1198 2414 fidelium
1222 2369 1256 2415 er
1280 2351 1330 2416 his

154 2491 182 2530 20
199 2454 305 2520 uerbis
334 2456 495 2519 aduertere
521 2454 592 2519 ideo
619 2474 675 2520 uos
703 2475 762 2520 non
792 2455 904 2520 audere
932 2455 1192 2521 calchedonensis
1221 2456 1331 2540 synodi
1353 2463 1414 2543 281

198 2562 365 2625 retractare
386 2559 550 2637 iudicium,
574 2579 613 2624 ne
634 2560 751 2624 ibidem
771 2561 1004 2626 considentibus
1024 2562 1238 2628 sacerdotibus
1256 2560 1329 2638 ista,

200 2666 284 2747 quod
310 2665 402 2742 absit,
431 2664 469 2728 ab
492 2665 719 2730 haereticorum
742 2666 865 2730 insidiis
888 2667 1012 2732 macula
1032 2667 1192 2745 relidatur,
1216 2670 1252 2732 ut
1275 2686 1329 2732 eos

198 2770 280 2835 intet
301 2772 416 2836 benum
441 2772 473 2835 et
495 2771 613 2835 malum
635 2774 669 2835 et
690 2771 770 2836 inter
793 2776 935 2838 sanctum
959 2775 991 2837 et
1010 2773 1168 2856 pollutum
1187 2774 1219 2838 et
1236 2773 1328 2838 inter·
1386 2758 1390 2765 ⁵

199 2875 338 2940 medium
351 2876 461 2941 mundi
474 2879 507 2940 et
523 2877 665 2956 inmundi
684 2896 743 2940 non
761 2877 905 2958 petuisse
924 2877 1097 2943 discernere
1116 2878 1327 2956 criminentur,

153 3017 181 3058 ,ὅ
198 2980 226 3044 si
258 3000 314 3045 nos
346 2981 439 3045 medo
473 2999 582 3045 causas
615 2981 755 3046 eiusdem
783 2985 909 3048 sancme
937 2983 1047 3066 synodi
1074 3002 1147 3048 cum
1174 3001 1327 3048 censensu

198 3085 282 3150 sedis
315 3086 505 3168 apostolicae
536 3087 652 3152 iudicio
685 3088 866 3152 terminatas
900 3089 958 3153 sub
991 3089 1132 3172 qualibet
1163 3092 1327 3154 occasione

197 3190 333 3255 uiderint
354 3194 530 3256 retractare.
554 3196 718 3274 propterea
736 3212 809 3278 ergo
829 3193 1045 3259 discretionem
1065 3198 1158 3277 atque
1175 3194 1327 3260 iudicium
1348 3195 1414 3266 282

286 3449 319 3504 15
337 3448 431 3504 Erech.
450 3451 492 3514 22,
512 3450 546 3504 26

234 3590 365 3658 lputens
388 3590 420 3654 V,
439 3606 539 3645 corso
602 3591 703 3646 bhaec
722 3592 805 3646 Bac:
824 3591 874 3646 hoc
896 3592 923 3645 V
981 3591 1123 3647 deutichc
1146 3592 1173 3645 V
1231 3593 1324 3648 8110-

196 3693 287 3730 scorus
310 3677 342 3740 V,
361 3694 462 3733 corae
525 3679 650 3733 eutichen
673 3679 700 3733 V
745 3682 907 3749 9apparere
926 3678 964 3734 0²:
984 3683 1110 3750 appetere
1133 3679 1159 3733 V
1208 3681 1324 3736 10blas·

195 3764 306 3833 phemes
329 3764 362 3828 V,
380 3781 448 3821 corr.
468 3764 495 3818 ο2
583 3767 615 3820 14
636 3766 669 3820 ad
688 3766 729 3821 02³:
749 3784 765 3822 a
787 3767 813 3820 V
899 3768 932 3822 16
951 3771 979 3821 et
997 3768 1047 3822 del.
1066 3766 1136 3822 Bar.
1204 3770 1239 3823 17
1254 3770 1326 3824 inter

195 3852 311 3906 medium
335 3852 366 3916 V,
389 3854 496 3908 correxi
575 3856 608 3908 19
633 3853 771 3910 nobiscum
789 3855 858 3909 Bar.
935 3857 970 3909 22
996 3855 1126 3910 relidatur
1147 3856 1183 3911 Vr
1202 3857 1325 3913 inuratur

195 3938 222 3992 0²
239 3940 308 3994 Bar.
406 3941 546 3995 '23‘inter
568 3941 685 4022 medium
709 3942 863 4008 Kcoricci
959 3943 992 3997 25
1021 3936 1079 3998 eius
1102 3944 1135 3998 de
1157 3944 1190 4010 V,
1208 3961 1277 4000 corr.
1297 3943 1324 3998 οἳ

195 4055 282 4108 sancti
308 4054 336 4119 V,
356 4070 457 4109 corae
529 4023 628 4126 synedd
652 4056 679 4109 V
729 4058 763 4111 26
781 4057 942 4112 terminatus
964 4057 997 4122 V,
1016 4069 1117 4125 como
1171 4056 1204 4113 21
1224 4059 1323 4114 uiderit

200 4142 232 4206 V,
251 4141 408 4215 vesanjae.
