2904 4672
121 208 289 272 XXXVIII
536 206 826 275 Prulegomena.

122 401 205 483 quod
229 419 302 466 sane
325 401 475 466 codicum·
493 402 611 466 ratione
634 403 798 483 perspecta
815 401 932 465 nemini
950 400 1065 467 mirum
1082 401 1255 482 uidebitur,

123 507 155 570 in
178 503 328 590 adparatu
352 507 460 572 critico
484 527 534 572 me
557 507 746 572 coniecturis
765 506 954 589 quibusdam
972 509 1255 576 commemorandis

124 613 263 678 litteram
281 612 317 675 cl
335 615 387 678 uel
405 613 440 676 a*
458 617 526 678 tum
546 613 672 678 demum
696 612 911 694 adscripsisse,
928 614 955 677 si
974 613 1126 679 distarent
1144 634 1162 679 a
1180 617 1255 682 scri-

121 723 215 801 ptura
229 718 431 785 Ottoboniani
446 721 576 802 eiusque
590 719 769 802 propagine,
785 720 1030 803 congruentibus
1045 739 1117 786 uero
1134 723 1255 788 coniec-

123 826 203 892 turis
228 828 260 891 et
280 845 431 890 manuum
453 826 488 888 οι3
511 827 564 891 uel
586 826 622 889 α4
646 829 678 890 et
696 823 898 890 Ottobouiani
915 826 969 890 uel
987 826 1055 891 eius
1074 828 1254 913 propaginis

124 931 168 1016 (p,
180 932 248 997 cod.
258 932 415 1017 Angelis.)
431 932 616 1016 adposuisse
630 951 690 997 nou
704 932 831 996 illarum
846 931 928 1014 sigla
941 931 997 996 sed
1011 933 1117 1015 potius
1132 935 1253 1000 borum.

168 1055 296 1120 Praeter
318 1074 430 1120 manus
455 1062 496 1132 α’,
520 1056 565 1133 αἳ,
589 1055 634 1133 ci,
658 1054 693 1116 οι4
716 1054 801 1118 haud
823 1055 935 1119 multis
957 1055 1036 1121 locis
1061 1057 1156 1121 etiam
1176 1058 1254 1123 aliae

126 1161 278 1243 quaedam
317 1162 455 1227 codicem
491 1161 680 1227 Auellenum
717 1166 923 1239 correxerunt,
960 1162 998 1226 de
1031 1163 1145 1244 quibus
1177 1164 1255 1228 nihil

127 1267 294 1332 dicendum
317 1267 378 1332 nisi
401 1269 610 1333 correctiones
634 1287 740 1332 earum
765 1267 871 1331 adres
890 1267 1083 1333 leuiusculas
1102 1270 1255 1351 pertinere

126 1391 226 1455 neque
249 1373 346 1437 ullius
369 1372 487 1455 proprii
511 1392 581 1438 esse
604 1374 766 1438 momenti.

168 1566 319 1632 ludenda
344 1587 447 1650 pauca
473 1567 511 1633 de
539 1568 662 1632 duabus
691 1567 837 1632 manibus
866 1588 945 1651 quae
969 1569 1053 1634 haud
1075 1570 1121 1634 ite
1142 1570 1254 1635 multis

123 1674 203 1738 locis
227 1679 423 1739 correxemnt
443 1675 583 1740 codicem
602 1674 640 1738 V.
670 1694 705 1739 ac
728 1674 866 1756 primum
890 1675 1016 1757 quidem
1040 1675 1141 1741 dicam
1165 1677 1203 1740 de
1227 1676 1256 1740 V

125 1800 207 1845 man.
234 1782 264 1858 2,
289 1799 367 1862 quae
390 1782 455 1846 fere
478 1801 540 1846 non
560 1782 695 1846 occurrit
717 1781 778 1845 nisi
801 1781 833 1845 in
857 1799 925 1863 epp.
950 1783 1001 1859 66,
1027 1784 1078 1860 72,
1103 1783 1155 1859 95,
1182 1784 1255 1847 140.

123 1886 289 1969 principali
304 1888 460 1970 scriptura
474 1887 557 1952 haud
571 1889 617 1951 ita
631 1887 732 1952 multo
752 1891 789 1952 ut
807 1887 934 1951 uidetur
951 1889 1105 1953 recentior
1123 1888 1256 1973 insignis

125 1996 176 2067 est
207 1992 306 2058 ductu
334 1993 442 2078 grandi
470 1996 501 2058 et
528 1992 759 2076 quodammodo
788 1993 914 2076 agresti.
958 2012 1036 2076 quae
1063 2012 1141 2077 quos
1167 1994 1256 2061 locos

127 2097 316 2177 emendauit,
345 2099 373 2164 ei
402 2118 438 2165 ex
465 2103 553 2184 parte
582 2099 628 2163 ita
651 2103 725 2163 suut
747 2100 929 2184 comparati,
954 2104 991 2164 ut
1013 2120 1066 2166 eos
1090 2100 1195 2183 quiuis
1219 2100 1256 2166 de

127 2222 185 2268 suo
217 2205 376 2288 potuisset
408 2206 583 2270 emendare.
617 2208 719 2272 tamen
753 2205 892 2270 codicem
926 2206 1063 2287 aliquem
1091 2206 1259 2290 corrigenti

128 2315 252 2392 praesto
289 2311 390 2377 fuisse
426 2311 569 2395 inprimis
606 2312 655 2376 his
693 2312 849 2376 euincitur
882 2313 978 2377 locis:
1022 2314 1112 2396 192„
1149 2311 1282 2376 borom‘

127 2421 279 2496 <potrum
310 2436 342 2481 sc
374 2437 438 2482 ease
469 2417 610 2481 iudicant
641 2419 788 2501 quomodo
818 2438 851 2482 se
876 2419 983 2498 potios
1008 2435 1071 2481 noa
1097 2418 1260 2482 ostendunt

126 2521 235 2586 borenc
261 2522 404 2597 olie>nos
431 2523 578 2600 πέπονα
606 2542 686 2605 quae
714 2523 805 2588 uncis
833 2523 959 2601 inclusi,
989 2523 1204 2588 desiderentur
1225 2523 1258 2587 in

127 2629 156 2692 V
178 2648 215 2694 ec
237 2648 275 2693 ne
298 2629 331 2692 in
355 2629 523 2713 archetypo
547 2629 674 2712 quidem
698 2629 766 2694 eius
793 2630 893 2695 fuisse
922 2628 1117 2712 significetur
1142 2629 1258 2693 litteris

127 2733 171 2797 bd
192 2732 248 2820 (=
270 2733 320 2798 bic
341 2734 435 2822 deest)
460 2754 478 2799 a
500 2735 601 2818 prima
623 2754 719 2800 mauu
742 2735 823 2799 inter
844 2733 953 2798 borum
979 2738 1011 2798 et
1037 2753 1094 2798 nos
1119 2734 1258 2800 insertis.

127 2858 208 2922 quae
231 2838 355 2918 desunt,
379 2840 410 2904 in
433 2841 572 2925 margine
596 2841 716 2906 addidit
738 2841 767 2904 V
789 2859 872 2907 man.
897 2844 916 2905 2
935 2840 1123 2923 praepositis
1142 2840 1258 2905 litteris

126 2942 168 3025 dp
192 2942 249 3029 (=
271 2945 321 3009 bie
337 2945 555 3033 ponenduot?)
576 2965 673 3030 eaque
692 2966 753 3011 non
774 2966 810 3011 er
828 2947 1006 3010 coniectura
1025 2947 1170 3028 suppleta
1189 2964 1259 3010 esse

128 3051 362 3117 demonstratur
382 3052 517 3117 lectione
540 3054 658 3118 codicis
681 3053 892 3118 Berolinensis
911 3053 949 3131 B,
970 3052 1007 3117 de
1026 3070 1087 3135 quo
1107 3052 1137 3115 in
1158 3051 1259 3135 capite

127 3158 221 3222 tertio
236 3158 347 3223 horum
363 3158 611 3243 Prolegomenon
625 3158 792 3224 dicendum
808 3158 876 3223 erit.
892 3158 989 3223 simili
1004 3157 1097 3222 modo
1108 3157 1259 3223 Vman.2

97 3331 99 3334 ,
128 3263 158 3327 in
192 3264 331 3347 margine
363 3265 526 3347 suppleuit
557 3266 634 3349 391,
663 3265 816 3344 indecere,
846 3265 924 3348 394,
954 3267 982 3327 ct
1009 3263 1259 3326 commom'coodo

126 3369 288 3433 lacereticc's
322 3369 495 3454 sobroqoto'a
522 3371 609 3454 facto
646 3369 703 3434 teli
742 3371 924 3445 consentiae,
966 3371 1044 3451 395,
1086 3389 1154 3432 cerro
1193 3369 1261 3432 suis

127 3474 318 3540 consortibus
324 3476 585 3558 prorrrulpcodom
599 3477 654 3557 poi
665 3476 747 3541 solos
754 3496 815 3556 pro
829 3475 969 3540 omnibus
982 3476 1048 3539 soto
1062 3475 1259 3540 consortibus.

130 3600 263 3663 quarum
286 3582 458 3648 lectionum
478 3602 523 3661 ea,
548 3602 642 3666 quum
664 3582 777 3647 ultimo
801 3583 870 3647 loco
894 3582 997 3664 posui,
1017 3581 1209 3662 comprobat,
1227 3581 1261 3646 id

129 3688 214 3769 quod
250 3689 472 3771 expectaueris,
511 3689 660 3766 codicem,
699 3708 734 3754 ex
767 3708 827 3770 quo
856 3672 994 3754 V'man.
1026 3689 1046 3751 2
1079 3685 1196 3765 hausit,
1230 3689 1262 3750 et

128 3793 235 3874 ipsum
258 3793 398 3859 codicem
421 3794 521 3859 fuisse
545 3794 739 3860 collectionis
762 3793 948 3869 Auellanam
972 3793 1069 3857 uerba
1091 3792 1174 3856 enim
1192 3811 1261 3854 com

129 3899 196 3962 sois
209 3898 399 3964 consortibus
411 3919 467 3982 per
481 3900 725 3984 dittograpbiam
739 3903 807 3965 orte
820 3903 904 3964 recte
924 3898 1039 3963 absunt
1056 3898 1094 3963 ab
1114 3896 1260 3962 omnibus

130 4004 303 4084 codicibus,
327 4005 380 4087 qui
402 4008 526 4087 praeter
547 4007 732 4071 Auellanam
755 4006 836 4070 banc
855 4005 1025 4088 epistulam
1044 4005 1260 4080 saurauerunt,

131 4109 186 4172 sed
208 4110 275 4193 pari
299 4111 391 4175 modo
416 4115 521 4175 extent
542 4111 575 4175 in
599 4111 705 4176 codice
728 4112 765 4189 R,
784 4111 816 4175 in
837 4129 930 4193 quem
949 4130 1019 4175 eam
1039 4130 1074 4174 ex
1088 4109 1261 4174 Auellanae
