2904 4672
165 250 229 314 134
530 244 661 315 Simplicii
678 261 764 315 papae
782 246 913 316 epistulae

161 461 246 508 reses
274 439 460 518 reuiceruut‚
488 440 599 505 beatae·
624 439 845 506 recordationis
872 439 1073 523 prodecessor
1095 441 1201 506 noster
1221 441 1285 504 Leo

161 545 330 630 multiplici
349 564 489 612 sermone
509 546 675 623 doctrinae,
694 546 770 629 quid
788 546 958 612 catholicae
976 545 1118 612 ueritatis
1137 549 1288 629 sequatur

160 653 334 738 integritas,
353 652 428 734 qaid
447 652 628 729 detestetur,
648 653 790 717 asseruit.
809 652 866 716 hac
885 650 1056 717 eruditione
1074 646 1204 718 lundata
1222 672 1284 720 non

161 759 357 826 contentione
380 777 459 840 opus
482 760 540 835 est,
564 762 601 822 ut
623 757 726 823 adhuc
748 761 907 837 tamquam
931 757 968 822 de
992 757 1095 823 dubiis
1117 757 1287 835 iudicetur,

161 865 226 943 sed,
250 865 334 930 sicut
356 863 553 929 dilectionem
576 866 715 928 uestram
737 863 909 948 gaudemus
932 864 1042 942 facere,
1061 864 1159 930 firmis
1177 867 1288 931 contra
1318 889 1330 927 s

162 970 300 1036 deiectos
318 970 398 1034 state
417 968 562 1053 uestigiis
578 986 634 1032 uec
652 986 710 1033 uos
733 967 929 1033 aduersarius
952 970 1068 1033 terreat
1089 971 1145 1034 aut
1164 970 1288 1035 tardam

160 1075 279 1159 putetis
307 1074 441 1156 desuper
473 1073 577 1138 uenire
608 1073 782 1139 uictoriam.
816 1073 923 1138 cadere
952 1073 1070 1152 didicit,
1103 1075 1156 1158 qui
1187 1077 1288 1141 resul-

118 1193 139 1255 4
160 1184 217 1246 tat.
254 1179 392 1245 breuiter
406 1180 483 1244 haec
496 1178 535 1243 ad
549 1179 809 1245 consultationem
823 1179 919 1245 immo
934 1179 1028 1244 etism
1043 1180 1081 1245 ad
1099 1181 1288 1247 consolatio·

160 1307 230 1353 nem
244 1289 368 1352 uestrae
383 1284 564 1376 scripsimus
579 1284 710 1362 caritati,
725 1285 867 1350 uolentes
882 1286 1013 1370 aliquos,
1023 1286 1289 1370 quemadmodum

162 1392 286 1477 cupitis,
309 1411 364 1475 pro
387 1409 499 1457 causae
521 1391 706 1457 necessitate
730 1390 871 1474 dirigere,
895 1392 955 1458 nisi
977 1392 1015 1457 ad
1039 1411 1160 1458 omnem
1187 1393 1288 1476 pleni·
1305 1420 1329 1462 ro

160 1499 299 1564 tudinem
327 1517 386 1563 nou
413 1497 475 1563 iam
503 1497 720 1576 defendendae,
749 1516 828 1582 quae
856 1496 953 1564 solide
980 1498 1108 1563 lundata
1130 1500 1188 1576 est,
1212 1498 1289 1565 fidei

43 1618 46 1623 ·
162 1604 217 1670 sed
239 1603 426 1688 repellendis
449 1603 615 1669 haereticis
638 1605 731 1685 atque
754 1603 907 1669 damnatis
925 1604 982 1669 illa
999 1604 1187 1681 sufficereut,
1207 1625 1289 1689 quae

163 1710 258 1775 etiam
281 1698 320 1774 ad
343 1712 467 1774 sanctae
489 1708 655 1775 memoriae
673 1707 858 1774 Flauianum
881 1712 973 1791 atque
996 1707 1035 1772 ad
1058 1711 1198 1782 sanctam
1217 1709 1290 1776 cal-

163 1816 368 1881 cedonensem
387 1815 541 1900 synodum
558 1816 612 1880 uel
629 1815 667 1879 ad
685 1817 836 1898 augustae
853 1814 1074 1881 recordationis
1092 1815 1290 1881 Marcianum

161 1939 198 1986 ac
227 1920 363 1986 Leonem
394 1921 502 1987 beatae
533 1921 701 1987 memoriae
732 1923 958 1989 antecessorem
990 1941 1095 1986 meum
1122 1921 1328 2007 scripsisses

161 2026 303 2092 retinetis
325 2030 419 2109 atque
441 2027 540 2093 totius
563 2027 698 2092 Orientis
722 2028 859 2111 episcopi
881 2026 1039 2111 rescriptis
1058 2026 1097 2092 ad
1114 2028 1289 2112 principem

161 2135 237 2198 tunc
258 2133 393 2199 Leonem
423 2133 556 2217 propriis
584 2119 778 2199 intimarunt.
810 2133 892 2199 unde
922 2133 1091 2199 insolubile
1124 2152 1194 2200 esse
1225 2155 1289 2201 uon

163 2238 294 2304 dubium
317 2241 376 2315 est,
399 2239 452 2306 uel
475 2239 558 2322 quod
581 2243 651 2305 ante
674 2238 878 2306 decreuerunt
897 2240 929 2305 iu
948 2259 1046 2304 unum
1065 2240 1289 2327 conuenientes

160 2347 211 2410 tot
238 2343 355 2426 domini
386 2344 562 2410 sacerdotes
594 2345 647 2411 ael
679 2345 761 2428 quod
793 2347 912 2430 singuli¹
941 2365 997 2430 per
1028 2364 1101 2411 snas
1137 2333 1288 2414 ecclesias

162 2449 326 2516 constituti
342 2450 448 2516 eadem
467 2449 668 2516 nihilomiuus
683 2452 852 2518 sentientes
866 2451 998 2517 diuersis
1013 2451 1139 2534 quidem
1152 2452 1288 2518 uocibus
1305 2481 1329 2520 rc

162 2555 218 2621 sed
252 2574 314 2620 aua
349 2561 453 2621 mente
489 2556 632 2622 dixemut
668 2556 849 2622 damnantes
889 2576 1026 2623 erronum
1068 2558 1288 2625 execrabilium

79 2722 80 2725 ,
121 2676 139 2738 5
163 2663 306 2727 auctores
334 2663 449 2744 pariter
477 2665 509 2727 et
537 2681 696 2744 sequaces.
764 2666 950 2747 quapropter
974 2663 1055 2727 inter
1079 2665 1129 2728 tot
1157 2663 1288 2744 formas,

163 2786 242 2850 quae
259 2770 345 2833 recta
363 2772 446 2845 sunt,
464 2767 659 2851 praedicandi
677 2788 737 2834 uon
756 2769 926 2834 assertione
944 2787 1028 2834 noua
1040 2768 1097 2834 sed
1112 2769 1291 2836 constantia

162 2873 324 2940 nitendum
356 2878 406 2939 est
437 2874 499 2938 iam
530 2873 668 2957 probata.
701 2892 780 2956 quae
811 2874 887 2956 quid
919 2874 1041 2940 domino
1074 2894 1131 2942 uos
1157 2876 1289 2942 iuuante

162 2980 338 3063 profecerit,
361 2980 481 3058 laboris
499 2980 597 3045 uestri
620 2979 676 3044 deo
699 2979 834 3062 placitus
858 2979 978 3045 fruetus
998 2980 1142 3060 ostendit,
1163 2983 1288 3065 quando
1305 3010 1329 3050 rs

164 3086 232 3151 eius
256 3087 383 3151 domum
404 3085 496 3151 uobis
516 3085 741 3152 obsistentibus
759 3085 872 3151 latroni
889 3085 1094 3152 introirenou
1112 3087 1214 3168 licuit,
1233 3089 1289 3171 qui
1318 3071 1323 3079 ’

199 3302 215 3355 2
240 3300 386 3369 multiplici
408 3316 440 3355 ea
461 3299 612 3369 multiplice
634 3315 701 3354 corr.
724 3299 759 3364 V;
782 3300 846 3368 sort.
864 3300 1021 3370 multiplicis
1125 3303 1242 3358 ueritate
1260 3305 1289 3357 Β

164 3389 295 3459 dintegr.
315 3392 343 3442 et
361 3388 466 3459 quidB
537 3388 653 3443 detentet
670 3391 702 3442 ut
718 3389 744 3443 V
809 3388 919 3443 iraucV
969 3388 1147 3447 leddactem
1165 3407 1247 3460 qaam
1265 3392 1292 3446 V

164 3475 254 3532 duciis
270 3476 301 3531 V·
347 3477 363 3531 8
378 3464 601 3532 consultationem
618 3476 654 3531 V:
674 3477 880 3531 consolationem
894 3477 923 3531 Β
987 3483 1052 3548 post
1065 3478 1287 3534 consultationem

166 3567 217 3621 del.
236 3567 326 3636 uestre
347 3564 374 3619 V
442 3565 476 3620 ad
494 3582 545 3620 om.
568 3565 595 3619 V
662 3564 884 3619 consultationem
901 3566 928 3619 Β
981 3566 1247 3636 squamammodum
1261 3569 1289 3622 Β

166 3653 199 3709 10
217 3653 252 3710 ad
269 3661 312 3709 cm
325 3654 395 3725 plen.
408 3654 437 3708 Β
491 3654 522 3708 11
538 3651 622 3708 solide
636 3651 749 3708 fundate
761 3651 801 3705 B:
816 3653 867 3708 soll
881 3652 1009 3709 defuncta
1026 3654 1156 3719 V,.sclide
1172 3655 1247 3710 iacta
1262 3656 1289 3709 c²

166 3743 199 3797 12
217 3743 395 3815 reppelleudis
417 3742 444 3797 V
531 3741 564 3796 13
582 3740 616 3795 ad
639 3740 754 3795 VzaB
849 3741 997 3797 adcreB
1085 3744 1118 3799 14
1136 3743 1170 3797 ad
1188 3745 1288 3799 ccaB

166 3832 200 3885 16
217 3832 317 3901 eatque
334 3829 363 3885 B
416 3832 448 3886 18
467 3831 510 3885 ael
530 3829 601 3900 quod
617 3830 656 3883 B:
676 3828 747 3898 quod
764 3830 809 3884 ael
830 3829 856 3883 V
923 3835 1063 3886 creuerunt
1080 3831 1108 3884 Β
1159 3833 1193 3886 21
1213 3849 1288 3886 erro·

164 3937 219 3974 rem
236 3918 265 3974 Β
330 3921 364 3974 22
381 3919 451 3974 iuter
468 3920 512 3972 tot
533 3918 568 3972 V:
588 3919 645 3972 into
663 3918 690 3971 Β
753 3919 790 4000 23
809 3935 876 3988 quae
893 3922 967 3973 recta
983 3918 1022 3974 B:
1042 3936 1120 3989 quam
1139 3923 1230 3974 erecta
1255 3921 1288 3985 V,

166 4059 234 4112 qaae
252 4044 356 4097 erectae
377 4041 440 4096 Gar.
529 4043 564 4096 24
589 4041 642 4095 iam
659 4007 770 4095 uitanda
788 4044 830 4095 est
853 4046 917 4111 trap.
935 4042 963 4095 Β
1068 4041 1243 4111 comprobata
1260 4046 1289 4098 Β

166 4146 234 4201 quae
252 4145 284 4187 ea
302 4132 345 4184 est
361 4129 477 4185 corr.V
553 4128 662 4183 iubente
680 4128 707 4181 Β
776 4129 810 4182 26
829 4127 926 4182 donum
943 4129 971 4181 B
1053 4129 1098 4198 qui
1120 4129 1155 4183 V:
1177 4133 1243 4200 quia
1260 4133 1289 4186 Β
