2904 4672
161 274 227 338 336
486 268 622 338 Agapetus
640 284 709 338 papa
726 266 873 321 Iustiniano
892 263 960 334 Aug,

162 483 257 546 quae
285 461 485 539 destruxi,
518 461 651 525 eadem
683 461 829 524 iterum
861 458 1054 536 aedifico,
1086 457 1287 541 praeuari-

162 571 335 634 catorem
358 587 416 632 me
438 567 526 649 ipse
549 566 766 631 constituo.
791 567 824 629 et
844 563 915 629 ideo
939 583 1068 629 securus
1092 582 1163 628 cum
1187 562 1287 647 ipsius

161 672 295 757 apostoli
308 690 387 737 uoce
401 672 556 754 profiteor,
571 671 645 752 quia
659 669 820 736 conlido
834 670 872 734 iu
888 669 1001 735 uobis
1017 671 1057 734 et
1072 689 1111 741 rn
1130 667 1287 744 domino

162 778 265 860 quod
295 777 398 842 nihil
427 776 540 841 aliud
566 775 776 849 sentiatis:
805 776 931 853 etenim,
959 776 1043 840 siout
1069 774 1153 839 idem
1181 773 1289 838 doctor

162 883 307 959 asseruit,
340 885 475 950 certus
508 900 593 946 sum
623 884 661 946 et
692 899 763 965 ego
796 880 841 946 de
872 879 1006 959 uobis,
1040 879 1143 962 quod
1180 873 1326 962 plenis

162 989 264 1054 estis
286 987 488 1064 bonitate,
506 987 657 1070 repleti
676 987 799 1051 omnis
820 985 1034 1065 scientiae,
1056 989 1097 1050 ut
1113 983 1286 1068 possitis

120 1095 140 1158 8
162 1095 336 1159 inuicem
367 1111 533 1159 monere.
602 1091 629 1157 si
651 1091 748 1176 igitur
769 1092 813 1170 hi,
837 1091 1013 1175 dequibus
1043 1089 1217 1167 indicentis,
1249 1078 1288 1153 ad

161 1200 256 1265 fidem
280 1201 398 1265 rectam
420 1198 525 1263 uenire
547 1197 707 1274 lesbuant,
729 1201 855 1263 nostrae
876 1196 951 1262 fidei
971 1196 1097 1282 regulas
1115 1195 1207 1279 sequi
1228 1214 1287 1260 nou

163 1305 301 1370 abnuant
327 1305 450 1370 dicente
478 1304 620 1371 domino:
648 1302 683 1368 si
711 1303 799 1386 quis
827 1301 918 1368 uult
938 1304 1031 1385 post
1051 1321 1108 1367 me
1129 1300 1285 1376 uenire,

164 1411 335 1494 abneget
369 1428 409 1474 se
443 1411 574 1494 ipsum
610 1412 649 1475 et
684 1411 876 1492 sequatur
905 1427 972 1474 me.
1003 1408 1087 1490 quod
1118 1407 1145 1474 si
1187 1407 1325 1475 adhucne

163 1516 378 1599 uituperandis
414 1515 539 1594 honoris
576 1515 799 1592 ambitionibus
836 1515 1009 1582 excitantur
1043 1518 1075 1580 et
1109 1535 1165 1598 pro
1200 1514 1287 1580 luero

163 1626 295 1688 sanctae·
319 1621 393 1687 fidei
426 1623 579 1687 humanae
610 1621 727 1706 gloriae
762 1621 828 1704 pati
866 1620 978 1687 damna
1012 1619 1191 1697 formidant,
1226 1618 1288 1703 ipsi

162 1727 363 1811 pronuntiant
392 1726 525 1792 necdum
557 1745 591 1792 se
622 1745 641 1793 a
671 1727 760 1792 uitiis
793 1730 825 1793 et
856 1745 958 1791 errore
989 1725 1147 1792 discedere
1174 1727 1207 1791 et
1231 1742 1287 1790 uos

163 1832 265 1918 magis
292 1833 375 1898 uelle
404 1832 475 1897 suis·
498 1831 676 1899 excessibus
703 1832 874 1915 implicare.
901 1832 939 1897 de
966 1830 1083 1896 talibus
1111 1849 1186 1916 ergo
1205 1829 1289 1895 dicit

164 1937 344 2021 apostolus:
386 1938 639 2002 aemulantur
678 1940 810 2017 autem
849 1956 918 2003 uos
958 1955 1032 2002 uon
1076 1936 1175 2001 bene
1220 1935 1324 2000 sedo

121 2035 141 2100 9
164 2041 376 2110 excludere
398 2061 469 2108 uos
492 2040 645 2120 uolunt,
664 2046 709 2107 ut
727 2061 793 2107 eos
813 2040 1078 2107 aemulemini.
1119 2058 1288 2123 quaecum

162 2149 209 2213 ita
239 2148 321 2228 sint,
354 2151 461 2214 sancto
497 2147 602 2217 studio
636 2151 763 2226 uestro,
799 2165 861 2231 quo
898 2148 1062 2214 ecclesiam
1102 2145 1288 2212 catholicam

157 2253 278 2336 cupitis
301 2252 454 2337 ampliari.
476 2253 556 2318 nibil
573 2272 609 2325 ex
626 2254 696 2332 boc,
715 2255 742 2318 si
760 2254 840 2319 tales
858 2253 890 2318 in
909 2254 991 2318 clero
1009 2271 1071 2317 non
1088 2251 1287 2342 recipiantur,

164 2357 297 2425 credatis
332 2358 464 2423 inminui
500 2360 643 2441 apostolo
678 2361 915 2442 praemonente:
953 2357 1048 2441 quid
1088 2357 1214 2424 enim?
1254 2356 1287 2420 si

163 2464 321 2547 quidam
353 2483 487 2533 eorum
518 2483 591 2532 nou
628 2464 903 2540 erediderunt,
939 2461 1127 2548 numquid
1161 2465 1324 2529 inore-eo

164 2569 318 2642 dulitas
351 2586 484 2634 eorum
517 2568 639 2634 iidem
675 2568 738 2634 dei
773 2570 1018 2645 euacuauit?
1053 2567 1178 2634 absit!
1215 2586 1287 2633 uam

162 2674 238 2740 licet
264 2673 361 2742 simili
387 2673 496 2739 studio
522 2673 662 2740 caritatis
688 2693 745 2756 pro
772 2673 1035 2757 multiplicatione
1060 2673 1202 2739 fidelium
1232 2673 1286 2737 ille

161 2781 273 2846 beatus
290 2779 403 2846 Petrus
423 2778 568 2845 caelestis
590 2778 679 2863 regni
700 2779 816 2845 ianitor
836 2779 1019 2858 traheretur,
1039 2778 1098 2861 ,qui
1119 2781 1157 2844 ut
1177 2772 1286 2844 Iudae·

163 2905 252 2953 orum
272 2886 377 2967 plures
401 2883 587 2969 adquireret,
610 2903 629 2948 a
651 2884 791 2949 doctriua
813 2888 845 2950 et
865 2884 991 2956 tramite
1004 2883 1143 2968 regulari
1166 2883 1200 2948 in
1225 2887 1285 2948 nou

160 2989 334 3075 respuendo
362 2990 447 3055 omni
472 2989 628 3059 ludaismo
656 2989 866 3067 descenderet,
888 2989 963 3064 huic
984 2993 1088 3061 tamen
1109 2989 1164 3065 ille
1186 2987 1287 3055 iunior
1300 3011 1324 3054 a

160 3095 290 3161 uinctus
318 3094 351 3158 in
383 3093 508 3160 domiuo
538 3094 658 3160 Paulus
690 3113 725 3159 se
755 3092 865 3159 retulit
895 3094 1040 3160 obuiasse
1067 3092 1285 3168 diceuszsed

152 3220 247 3266 cum
281 3199 495 3278 uidissem,
532 3200 635 3284 quod
669 3218 743 3268 nou
778 3201 889 3265 recte
924 3197 1212 3279 ingrediuntur
1239 3198 1285 3262 ad

163 3306 379 3372 ueritatem
410 3305 635 3391 euangelii,
657 3298 749 3373 'dixi
779 3305 899 3371 Petro
937 3305 1067 3370 c'oram
1102 3304 1282 3370 omnibus

161 3411 205 3478 ‘si
227 3414 286 3479 tu.
311 3429 395 3477 cum
419 3411 477 3476 sis
498 3411 688 3490 Iudaeus,
707 3411 926 3495 gentiliter
942 3409 1070 3488 uiuis,
1090 3410 1282 3491 quomodo

249 3580 387 3646 aeuo,
407 3583 441 3638 10
493 3583 718 3646 5Rom.15,14
778 3583 800 3636 9¹
812 3582 908 3636 blatth.
929 3583 969 3647 16,
988 3583 1021 3636 24
1075 3583 1108 3637 15
1128 3581 1229 3648 Gall,
1248 3583 1280 3637 17

162 3671 196 3725 19
213 3672 289 3726 Rom.
308 3671 368 3734 &3
421 3669 578 3734 totale,
599 3671 632 3723 14

188 3796 212 3848 ·6
229 3792 385 3863 repletionis
403 3793 513 3862 scientie
535 3792 567 3856 V,
585 3793 704 3847 correct:
719 3793 815 3862 repleti
833 3793 904 3846 omni
922 3792 1119 3847 scientialiter.
1157 3793 1190 3846 ll
1208 3793 1278 3847 uitu-

159 3879 270 3951 perandi
282 3880 630 3950 V,.corr.eei:raeupertndi
641 3881 710 3936 Bar.
749 3881 780 3935 17
795 3897 847 3950 quo
861 3876 1093 3951 amipairquodV
1129 3881 1161 3934 18
1175 3881 1230 3935 tale
1247 3881 1278 3946 V,

159 3983 229 4029 aem.
249 3987 267 4022 α
282 3985 356 4024 maa.
370 3973 442 4037 poet.
550 3968 582 4022 19
601 3968 672 4038 quod
696 3969 724 4033 V,
742 3983 810 4022 corr.
829 3967 856 4022 0²
959 3969 993 4024 23
1011 3969 1103 4023 celesti
1125 3969 1158 4033 V,
1177 3985 1277 4024 corae

161 4056 208 4126 qui
225 4058 257 4110 ut
274 4053 312 4110 0²:
331 4056 380 4126 qu'i
396 4056 467 4113 uiuit
488 4055 513 4110 V
576 4057 611 4111 24
628 4056 759 4125 regularis
780 4057 812 4119 V,
831 4073 899 4114 corr.
918 4076 932 4108 o
985 4058 1020 4111 25
1038 4057 1189 4112 dissederat
1207 4058 1279 4129 (edel)

161 4144 230 4198 coel.
248 4143 329 4197 BTA
