2902 4672
196 247 257 310 126
561 242 693 313 Simplicii
711 258 796 326 papae
811 242 947 313 epistulae

151 445 170 507 5
194 440 311 503 stratm
335 439 387 503 est
406 437 621 503 antichristus.
654 437 708 520 qui
732 453 803 502 cum
827 436 920 502 etiam
937 454 955 499 a
973 435 1192 500 communione
1211 435 1317 501 catho-

193 544 254 609 lica
275 549 341 608 tam
363 542 561 608 laudabiliter
583 545 668 608 esset
690 542 845 620 exclusus,
870 561 929 624 per
954 541 1147 625 quorundam
1177 540 1316 622 priuatas

193 648 302 714 domos
345 647 496 731 respersis
542 648 677 712 humano
724 648 874 731 sanguine
918 647 1063 712 manibus
1107 665 1168 711 non
1211 645 1318 711 diuina

87 808 88 812 ,
194 754 344 821 sacrificia
372 754 427 820 sed
454 753 618 838 sacrilegia
645 753 818 819 celebrasse
840 755 1039 818 memoratur.
1067 752 1099 816 in
1122 770 1183 834 quo
1205 753 1316 836 utique

192 879 253 927 non
277 860 344 926 eius
367 862 416 926 est
437 859 561 924 firmata
582 858 741 942 susceptio
765 859 820 923 aad
843 858 1037 924 consciorum
1062 857 1227 941 diuulgata
1248 877 1316 940 pro·
1346 869 1359 909 ὁ

194 965 270 1031 ditio
301 984 372 1031 cum
406 965 515 1031 eodem
548 965 585 1030 de
616 965 673 1030 illa
702 963 878 1048 iniquitatis
911 963 995 1042 sede,
1028 964 1088 1030 uisi
1118 963 1315 1046 resipiscant,

78 1114 80 1119 .
194 1071 381 1137 omnimodis
404 1089 596 1146 maurorum,
620 1088 713 1152 quam
741 1070 824 1136 sient
851 1069 994 1136 diabolus
1022 1072 1111 1153 pater
1133 1069 1200 1134 eius
1229 1068 1315 1134 altis·

194 1176 273 1243 simo
306 1176 441 1242 similem
474 1194 507 1241 se
539 1177 656 1244 faciens
688 1177 844 1240 aeternam
876 1176 937 1242 sibi
967 1175 1103 1259 perfidus
1136 1177 1315 1241 construere

149 1294 252 1357 finon
285 1281 399 1348 desinit
432 1282 471 1347 ad
506 1282 638 1347 ruinam.
706 1282 792 1359 haec,
820 1283 1006 1348 uenerabilis
1037 1283 1215 1365 imperator,
1244 1299 1316 1345 cum

192 1389 315 1457 horreat
344 1387 466 1453 animus
498 1389 551 1452 uel
573 1406 592 1452 a
613 1390 699 1453 tauto
731 1388 902 1473 gladiatore
933 1388 1033 1453 fuisse
1056 1389 1219 1470 temptata,
1252 1404 1315 1450 ma·
1331 1400 1353 1440 ιο

191 1493 274 1559 rimo
309 1497 424 1573 tamen,
461 1493 576 1570 fateor,
607 1500 733 1576 stupore
770 1494 910 1560 detineor
941 1495 1000 1559 sub
1035 1496 1157 1558 uestrae
1188 1492 1315 1576 pietatis

192 1599 371 1683 aspectibus
394 1600 536 1683 potuisse
560 1600 724 1667 committi.
748 1600 818 1683 quia
842 1601 923 1664 anim
948 1600 1094 1665 deuotam
1113 1618 1236 1682 semper
1259 1598 1314 1664 deo

192 1705 374 1771 clamentiae
397 1708 520 1771 uestrae
543 1709 680 1771 mentem
704 1708 738 1772 et
758 1706 936 1772 orthodoxis
960 1704 1096 1770 deditam
1119 1704 1237 1789 regulis
1261 1707 1316 1768 aut

190 1811 314 1896 ignoret
336 1814 391 1876 aut
414 1811 575 1892 ambigat?
605 1811 719 1894 quippe
748 1812 802 1893 qui
834 1829 984 1896 supernae
1012 1811 1217 1895 dispositione
1247 1828 1314 1894 pro·

190 1916 357 1996 uidendae,
394 1917 477 1982 sicut
516 1936 571 2000 pro
612 1917 750 1982 utilitate
789 1918 916 2000 publica
956 1919 1108 2001 augustae
1148 1916 1314 1981 memoriae
1331 1925 1354 1967 ¹⁶

189 2022 339 2090 Marciani
368 2024 484 2106 pariter
507 2026 538 2088 et
560 2022 673 2088 Leonis
698 2021 812 2087 eruditi
834 2023 1019 2102 uirtutibus,
1044 2024 1220 2088 siccorum
1244 2021 1313 2086 sitis

190 2129 284 2193 etiam
307 2129 347 2193 ad
369 2128 555 2194 catholicam
578 2129 744 2194 ueritatem
767 2129 912 2194 sensibus
934 2128 1075 2194 instituti
1093 2147 1149 2194 nec
1169 2128 1314 2210 cuiquam

190 2235 314 2299 omnino
332 2234 374 2299 sit
393 2233 523 2299 dubium
542 2233 692 2317 pietatem
710 2237 798 2299 tuam
815 2235 941 2301 illorum
959 2233 1032 2299 fidei
1050 2252 1120 2299 esse
1138 2252 1314 2317 sequacem,

148 2359 323 2422 pquorum
350 2359 383 2404 es
412 2357 575 2405 successor
599 2339 732 2423 imperii.
799 2359 878 2423 quae
913 2359 984 2406 cum
1019 2340 1056 2405 de
1082 2342 1207 2405 uestrae
1235 2342 1315 2403 trao-

192 2444 358 2528 quillitatis
388 2444 489 2511 animo
517 2448 602 2510 certa
631 2447 669 2509 ab
700 2446 844 2512 omnibus
874 2449 1038 2512 teneantur
1066 2448 1099 2510 et
1125 2444 1195 2523 fixa,
1226 2443 1317 2520 absit,
1331 2451 1356 2490 ¹⁰

191 2553 229 2614 ut
258 2549 452 2633 temporibus
483 2551 598 2616 uestris
634 2551 732 2617 diuini
762 2552 866 2617 cultus
895 2551 1059 2635 integritas
1084 2555 1116 2615 et
1145 2549 1318 2632 antiquitus

192 2656 336 2721 roborata
361 2654 435 2719 fidei
465 2656 634 2723 catholicae
661 2660 790 2740 putetur
819 2656 1034 2740 interpolanda
1065 2655 1238 2721 sinceritas.
1274 2672 1318 2718 re·

194 2761 305 2844 spicite
328 2780 443 2842 quaeso
467 2761 506 2826 ad
530 2761 636 2828 diuina
657 2762 808 2828 beneficia
828 2766 868 2839 et,
888 2781 967 2845 quae
987 2763 1050 2827 sint
1073 2761 1164 2827 uobis
1189 2761 1319 2835 conlata,

193 2867 373 2950 perpendite
408 2869 512 2950 atque,
547 2870 584 2932 ut
613 2867 689 2932 baec
718 2887 866 2951 prospera
892 2868 1019 2952 ualeant
1041 2885 1230 2949 permanere,
1253 2882 1321 2947 pro·

194 2972 367 3056 pitiandunr
400 2991 469 3038 csse
501 2976 624 3039 censete
657 2977 815 3039 auctorem
848 2973 995 3050 muneris,
1028 2992 1089 3037 non
1123 2971 1319 3037 laedendum.
1338 2977 1363 3020 ²⁶

194 3079 275 3143 inter
297 3078 454 3162 quaslibet
476 3079 558 3144 enim
578 3080 796 3162 occupationes
814 3079 956 3163 publicas
977 3098 995 3143 a
1012 3078 1160 3162 religioso
1183 3076 1321 3160 principe

196 3202 382 3269 magnopere
404 3185 633 3267 procurandum
657 3188 715 3263 est,
739 3185 823 3268 quod
846 3185 913 3249 eius
941 3184 1078 3268 protegit
1103 3183 1321 3265 principatum,

196 3294 228 3355 et
258 3291 458 3373 praeferenda
491 3292 612 3357 cunctis
643 3292 737 3357 rebus
766 3294 816 3356 est
843 3291 987 3356 caelestis
1016 3289 1232 3355 obseruantiae
1258 3307 1322 3353 rec·

233 3515 246 3568 1
268 3502 381 3586 antegps
396 3514 423 3567 Β
489 3515 505 3568 2
525 3516 595 3568 esset
618 3513 653 3566 V:
673 3515 745 3566 essct
764 3529 843 3582 quam
863 3513 1017 3566 constanter
1034 3512 1061 3565 Β
1145 3511 1226 3566 chord
1245 3512 1280 3566 da
1296 3512 1323 3564 Β

198 3601 317 3671 pribatas
340 3602 366 3655 V
426 3601 609 3672 5dcuulgata
631 3602 657 3654 V
733 3600 852 3671 proditio
870 3600 898 3653 Β
960 3601 1071 3655 leacus
1089 3599 1183 3654 horum
1206 3600 1237 3665 V,
1256 3615 1323 3655 corr.

203 3687 307 3744 eausa:
325 3704 431 3744 casuros
449 3689 477 3742 B
532 3689 564 3744 10
583 3692 671 3743 orreat
688 3688 715 3741 Β
786 3688 945 3742 maritantem
962 3687 990 3741 B
1045 3689 1077 3742 13
1095 3687 1269 3742 horthodoxis
1291 3687 1323 3752 V,

201 3776 334 3831 ortodoxia
351 3778 378 3830 Β
449 3776 568 3832 deditam
586 3776 620 3830 V:
641 3776 704 3831 dedi
721 3777 765 3831 uel
779 3776 807 3829 Β
860 3777 893 3829 14
911 3775 1087 3846 ignoraretB
1157 3790 1270 3844 superne
1288 3772 1323 3828 V:

200 3880 314 3935 superna
331 3866 358 3919 B
420 3867 453 3921 16
472 3865 577 3920 erudita
595 3881 662 3921 corr.
681 3869 713 3919 ret
729 3865 787 3919 uid.
804 3865 836 3918 ios
854 3864 953 3920 eruditi
970 3864 998 3917 Β
1014 3868 1122 3919 maoz
1179 3863 1212 3916 17
1232 3861 1323 3916 catho-

200 3952 265 4007 licat
282 3953 309 4006 Β
379 3954 468 4008 stituti
486 3955 513 4008 Β
568 3954 601 4008 18
619 3969 677 4008 esse
694 3953 758 4008 fidei
776 3959 840 4022 trop.
863 3953 890 4005 V
942 3952 974 4007 19
994 3969 1021 4007 es
1040 3953 1078 4007 B:
1099 3954 1127 4006 et
1149 3950 1176 4004 V
1244 3965 1323 4019 quae·

202 4055 312 4110 eumque
324 4045 429 4096 uestrae
444 4041 471 4094 Β
523 4043 556 4096 21
576 4041 673 4095 uestris
691 4040 728 4096 V:
747 4041 801 4094 suis
815 4039 842 4092 Β
913 4039 1012 4094 diuinis
1030 4040 1056 4093 V
1107 4041 1141 4094 25
1159 4036 1323 4091 numeruaB

203 4126 235 4180 27
254 4143 349 4197 magno
369 4146 415 4200 per
432 4128 460 4181 Β
513 4129 546 4183 28
564 4127 762 4198 postferendum
781 4127 808 4180 Β
