2904 4672
122 209 286 277 XXXXVI
537 207 830 276 Prolegomena.

122 418 197 465 cano
218 399 246 463 V
269 401 446 485 corrigeret.
470 419 564 484 quam
587 399 720 464 maxime
742 400 842 484 Igitur
863 401 1044 482 uerisimile,
1061 402 1252 488 ubicumque

124 505 236 572 Carafa
268 526 286 570 a
319 506 425 572 codice
448 528 469 567 α
496 506 643 571 dissentit
674 506 893 589 consentitque
925 527 997 571 aum
1029 506 1182 575 Uaticano
1212 510 1251 590 V,

123 612 217 676 etiarn
246 612 304 676 has
333 611 483 677 lectiones
514 630 585 675 eum
616 611 775 694 accepisse
807 630 841 677 ex
871 617 1008 678 correcto
1034 614 1141 680 codice
1165 613 1253 681 Otto·

122 717 265 782 boniano.
289 717 329 783 61.
349 736 376 784 6.
396 737 441 802 gr.
461 718 556 800 458„
579 735 637 799 sq,
661 716 717 781 ubi
740 735 813 782 curn
835 718 932 782 uerba
953 739 1032 798 pace
1053 723 1127 783 6661
1144 740 1206 801 pro
1221 773 1251 790 ..

123 822 176 908 qai
204 821 392 904 Iarpcrcclic
424 822 456 887 in
488 844 508 884 α
542 822 707 887 scribentis
743 841 845 888 errore
875 823 1073 904 excidissent,
1103 826 1134 890 in
1165 825 1252 892 0116-

123 929 254 994 boniano
279 949 315 994 ea
337 931 493 994 corrector
514 928 569 996 1116
589 946 625 993 ex
642 927 671 990 V
693 928 835 1011 restituit
857 929 1029 1012 eademque
1048 933 1154 996 extant
1172 935 1253 1016 apud

124 1034 279 1114 (banaiam
303 1036 357 1100 661
380 1035 473 1119 51728
496 1034 551 1099 611
573 1035 670 1099 uerba
691 1054 792 1098 crocco
814 1054 886 1099 occa
901 1040 1037 1116 pascunt
1057 1042 1200 1120 pastores
1221 1038 1253 1103 in

118 1163 145 1203 c
168 1142 286 1206 omissa
317 1141 373 1206 sed
407 1140 616 1206 OttobonIano
645 1160 663 1222 a
689 1161 784 1205 manu
815 1142 986 1224 posteriore
1018 1141 1140 1207 reddita
1171 1144 1254 1227 apud

125 1246 266 1317 (larafam
289 1267 348 1312 non
373 1246 496 1312 desunt.
521 1247 683 1311 fatendum
707 1265 780 1312 sane
802 1266 852 1312 me
870 1267 931 1312 non
951 1266 1058 1313 omnes
1081 1249 1179 1328 locos,
1198 1249 1254 1314 ubi

125 1352 627 1431 0616166661166611611616161
640 1355 748 1418 contra
763 1353 938 1418 consentiat
951 1371 1022 1417 oum
1033 1352 1071 1432 V,
1084 1353 1254 1420 66160116-

124 1458 257 1524 boniano
277 1459 460 1538 contulisse,
474 1461 512 1522 ut
528 1459 679 1524 lectiones
693 1459 838 1524 Uaticani
852 1458 882 1521 V
894 1478 954 1524 non
974 1479 1009 1524 ex
1023 1460 1092 1543 ipso
1106 1459 1135 1522 V
1150 1461 1206 1525 sed
1220 1480 1255 1526 ex

126 1567 264 1630 correcto
280 1563 489 1629 Ottoboniano
505 1565 566 1628 oin
582 1563 709 1630 Carafae
728 1563 896 1629 editionem
913 1566 1095 1647 peruenisse
1110 1566 1254 1648 quamuis

126 1670 203 1734 satis
227 1670 397 1752 probabile,
417 1674 521 1735 tamen
540 1689 602 1735 non
621 1690 656 1734 ex
675 1670 759 1735 omni
776 1672 864 1753 parte
883 1669 985 1734 uideri
998 1672 1100 1753 possit
1123 1674 1255 1736 certum.

171 1775 315 1842 Secundo
329 1778 398 1842 loco
412 1776 495 1841 inter
513 1776 648 1841 editores
664 1776 871 1842 nominandus
891 1778 941 1842 661
959 1777 1123 1843 cardinalis
1141 1777 1255 1842 Baro-

126 1881 227 1960 nius,
251 1884 305 1966 qui
323 1882 487 1947 annalibus
507 1884 573 1947 suis
591 1883 814 1948 ecclesiasticis
833 1883 936 1966 (Tam.
954 1883 1118 1948 lv-Vn:
1136 1883 1256 1950 Romae

129 1988 359 2070 1593-1596)
399 1989 564 2053 maximam
604 1992 726 2071 partem
767 1990 860 2053 etiam
901 2009 1008 2054 earnm
1048 1989 1255 2071 epistularum

126 2095 267 2172 inseruit,
296 2113 375 2176 puae
403 2112 421 2158 a
449 2093 559 2159 carafa
587 2095 721 2160 omissae
750 2098 847 2160 erant.
933 2099 1031 2177 atque
1061 2095 1189 2172 6611616,
1219 2112 1256 2159 es

128 2219 188 2280 quo
211 2199 381 2265 Auellanae
404 2200 557 2284 epistulas
581 2201 745 2282 acceperit,
765 2201 919 2266 Baroniua
943 2201 1068 2282 saepius
1091 2201 1159 2283 ipse
1181 2200 1261 2264 facit

128 2306 327 2372 mentionem.
356 2308 448 2388 atque
475 2308 574 2390 primo
603 2308 730 2391 quidem
754 2308 837 2386 loco,
860 2308 916 2372 ubi
940 2309 976 2373 de
1000 2327 1036 2372 66
1064 2308 1160 2373 uerba
1181 2307 1261 2372 facit

128 2411 180 2492 (ad
198 2430 313 2476 annum
331 2412 406 2489 368,
424 2413 457 2496 2)
477 2431 549 2478 eum
573 2412 649 2478 dicit
664 2417 885 2494 peccacatum>
904 2415 1034 2478 codicem
1065 2411 1258 2493 Uaticanum,

129 2518 163 2580 166
185 2519 400 2598 perscriptae
424 2522 498 2582 66661
524 2519 672 2598 epistolae
697 2518 899 2600 complurium
925 2517 1137 2582 Rcorroaorom
1152 2520 1261 2599 pocati-

123 2623 230 2706 ficcm.
261 2642 355 2706 quem
384 2623 524 2688 codicem
551 2623 650 2690 161666
672 2624 860 2690 Auellanum
885 2648 906 2687 α
927 2625 989 2690 iam
1019 2625 1064 2689 eis
1095 2615 1260 2704 euincitur,

131 2747 209 2811 quae
232 2729 399 2810 adscripsit
422 2729 575 2813 epistulae
598 2731 640 2794 49
664 2730 716 2812 (61
739 2749 766 2795 6.
790 2731 866 2809 417,
892 2728 961 2818 15):
985 2728 1048 2793 ‘Ec
1070 2731 1135 2795 6661.
1163 2728 1260 2794 06661.

132 2832 239 2898 saroa
267 2836 491 2916 6666666161),
524 2835 665 2900 codicem
696 2829 779 2901 eninr
811 2860 831 2900 α
862 2855 894 2901 ra
926 2818 1002 2901 uena
1036 2835 1136 2901 fuisse
1171 2835 1260 2922 illius

47 2930 49 2934 ’
132 2934 295 3006 cardinalis
324 2959 418 3023 supra
439 2962 470 3026 p.
493 2941 617 3008 XXIIII
639 2962 686 3026 sq.
710 2941 884 3025 expositum
913 2945 971 3008 661.
1001 2942 1085 3008 idem
1113 2944 1181 3026 ipse
1211 2961 1260 3008 ex-

132 3047 249 3129 pressis
280 3047 386 3113 uerbIs
419 3047 582 3112 confirmat
613 3048 735 3114 duobus
767 3048 837 3113 aliis
864 3049 954 3126 locis,
983 3048 1022 3115 61.
1051 3050 1260 3126 6491236

133 3153 392 3233 ccsarpsccamca
408 3154 464 3218 1666
481 3157 552 3218 cate
570 3174 608 3219 66
624 3155 724 3218 codice
748 3152 896 3222 Uaticano
914 3154 1070 3218 collotrbcc
1084 3155 1175 3237 facta
1192 3174 1261 3218 cum

133 3260 338 3323 octastc'ssimo
360 3259 528 3341 ccernplccc’
543 3261 640 3341 petito
659 3281 674 3325 c
691 3261 876 3330 6666661616
895 3259 928 3324 S.
949 3259 1089 3324 Patrico
1106 3259 1261 3325 Auctione

135 3364 169 3428 166
198 3362 323 3428 matria
344 3366 498 3432 6116616.
518 3368 593 3446 512,
618 3368 674 3432 35:
689 3367 781 3450 foeta
803 3366 968 3432 6611611666
982 3388 1052 3430 cam
1074 3366 1173 3430 codice
1201 3363 1262 3431 Ua-

136 3471 236 3535 ticano
268 3475 297 3534 et
324 3471 386 3536 6116
410 3474 595 3538 ‘monasterie‘
624 3470 656 3537 S.
689 3471 779 3537 Petri
806 3475 841 3537 616
864 3473 1031 3538 Accitana.
1056 3472 1139 3555 quod
1162 3472 1189 3536 si
1210 3472 1262 3535 his

65 3597 107 3634 .··
135 3573 214 3639 locis
238 3574 314 3642 dicit
336 3577 459 3645 codices
483 3597 517 3642 66
533 3578 721 3654 'adhibuisse
745 3579 834 3663 duos,
862 3579 946 3644 idern
979 3567 1073 3644 etiam
1096 3578 1171 3644 alibi
1192 3596 1262 3660 pro·

136 3681 255 3759 6666,
279 3683 313 3746 er
333 3684 464 3766 exempli
487 3684 587 3769 gracia
610 3704 637 3751 a.
657 3685 731 3763 aar,
752 3686 785 3756 1:
811 3686 885 3762 515,
906 3688 935 3761 3,
956 3684 1009 3763 aa,
1028 3684 1085 3762 403
1110 3663 1260 3760 51614,

52 3862 54 3865 ,
138 3787 215 3865 517,
244 3791 274 3852 2.
306 3789 494 3854 Uaticanum
526 3794 631 3855 autem
662 3790 998 3874 66661661661166666
1032 3789 1207 3854 adhibitum
1235 3787 1262 3853 si

138 3894 209 3976 quis
235 3893 334 3959 fuisse
361 3898 453 3984 putat
479 3896 665 3962 Uaticanum
693 3896 731 3974 V,
754 3895 905 3980 equidem
931 3915 992 3961 non
1018 3894 1206 3979 refragabor,
1229 3911 1263 3957 re

139 4017 214 4063 uera
232 3999 314 4064 enim
332 3999 486 4066 Batonius
510 4002 629 4085 aliquot
651 4000 730 4066 locis
748 4001 900 4067 lectiones
920 4002 1021 4086 obfert
1038 4020 1100 4066 non
1118 3998 1262 4066 Auellani
1316 4019 1319 4025 ·

139 4125 160 4166 α
178 4104 233 4170 661
251 4105 367 4171 codicis
385 4105 423 4171 V.
443 4107 499 4172 sed
516 4107 649 4176 fortasse
668 4107 754 4173 aliud
770 4108 963 4190 probabilius
981 4107 1076 4188 idque
1095 4125 1131 4171 66
1150 4103 1263 4188 magis,
