2904 4672
235 296 300 360 488
453 293 625 362 Symmachus
643 311 714 364 papa
732 295 864 363 episcopis
881 311 929 364 per
945 294 1080 365 illyricum
1101 298 1151 351 etc.

237 491 275 552 et
305 489 464 569 tempus
492 486 660 551 tacendi.
694 487 767 568 quia
793 486 1039 552 taciturnitatem
1062 507 1208 571 praesens
1235 493 1369 574 tempus

236 598 405 678 expugnat:
437 612 508 657 uam
530 594 613 658 inter
634 613 672 658 ea
693 613 772 676 quae
800 592 947 658 accidunt
973 612 1054 658 nunc
1087 594 1178 659 silere
1209 613 1267 659 nco
1291 595 1368 660 fidei

155 729 159 734 ·
193 693 212 755 2
236 700 373 765 stimulis
397 699 524 764 excitari
546 700 652 784 magni
675 702 798 764 constat
820 718 889 764 esse
915 699 1045 768 fastidii.
1074 700 1187 783 qnippe
1210 701 1266 765 ubi
1293 701 1367 764 reli·

236 806 337 890 gionis
360 806 534 870 reuerentia
556 809 588 871 et
611 825 735 870 summa
763 807 950 884 concutitur,
974 809 1082 888 aptum
1110 806 1196 871 iuxta
1223 806 1365 871 diuinam

236 912 422 993 scripturam
450 911 552 976 dicere
576 931 628 978 eos
656 912 711 993 qui
738 915 813 977 sunt
834 912 927 978 mites
956 911 1068 978 debere
1096 932 1166 978 esso
1192 932 1364 997 pugnaces.
1398 936 1412 977 a

236 1021 285 1082 ost
316 1017 471 1100 siquidem
499 1020 531 1082 et
558 1018 708 1101 spiritalis
741 1018 893 1100 quaedam
926 1017 983 1083 deo
1007 1022 1136 1102 accepta
1163 1019 1365 1103 congressi03

235 1124 306 1189 iude
330 1127 362 1187 et
382 1124 582 1190 laudabiliter
604 1124 752 1188 uniuersa
773 1125 955 1202 tolerantur,
974 1143 1012 1189 ne
1035 1125 1202 1207 quisquam
1222 1144 1240 1188 a
1259 1124 1367 1190 diuina

237 1230 366 1295 caritate
395 1233 566 1314 separetur.
590 1232 622 1295 et
643 1249 701 1295 uos
725 1230 851 1311 quidam
881 1230 990 1296 docere
1019 1229 1239 1313 quiddamst,
1268 1250 1367 1315 graue

237 1356 315 1401 onus
332 1336 471 1418 pudoris,
492 1336 547 1401 sed
565 1337 778 1401 necessarium
792 1336 830 1401 de
846 1336 1039 1402 utilitatibus
1058 1355 1244 1401 ammonere.
1264 1356 1366 1419 neque

237 1443 318 1507 enirn
342 1460 517 1526 congruum
539 1442 603 1506 illis
626 1442 792 1526 religiosae
816 1442 924 1507 offerre
953 1443 1101 1526 dogmata
1128 1442 1324 1524 disciplinae,
1348 1462 1411 1508 ano

237 1549 352 1631 quibus
390 1547 597 1614 institutionis
634 1549 735 1632 ipsius
772 1551 951 1631 expectatur
985 1550 1079 1631 plena
1113 1549 1274 1632 perfectio.
1311 1549 1366 1614 sed

193 1646 373 1719 3breuiter
408 1656 491 1720 clara
525 1655 777 1740 perstringimus.
823 1654 874 1719 cui
909 1655 1114 1740 incognitum,
1148 1654 1366 1721 Constantino-

235 1761 374 1843 politana
396 1762 530 1826 ccclesia
551 1781 613 1844 qua
635 1761 774 1827 Nestorii
797 1762 982 1846 contagione
1003 1761 1202 1838 laborarent,
1225 1761 1366 1826 Nestorii

235 1868 373 1949 inquam,
398 1868 452 1950 qui
475 1868 565 1950 quasi
587 1872 678 1951 putre
702 1869 839 1952 corporis
857 1869 1033 1935 membrum
1052 1888 1070 1933 a
1088 1868 1240 1933 societate
1259 1866 1366 1932 catho-

235 1973 315 2037 licae
339 1972 566 2039 communionis
590 1975 712 2039 excisus
736 1977 805 2040 est?
827 1975 883 2040 ubi
905 1977 1055 2039 terrarum
1079 1986 1139 2039 nou
1167 1973 1367 2055 praedicatur
1383 1999 1408 2040 1⁵

237 2079 437 2163 congregatio
470 2078 711 2145 calcedonensis
744 2083 852 2145 sancta
883 2080 1017 2157 concilii,
1041 2098 1120 2161 quae
1142 2079 1307 2162 Eutychen
1335 2082 1367 2142 et

236 2184 432 2264 Dioscornm,
456 2184 518 2251 duo
550 2186 674 2252 nomina
705 2187 825 2252 famosa
856 2190 887 2252 et
917 2206 1048 2271 magnae
1084 2185 1242 2269 perfidiae,
1271 2185 1366 2250 unius

239 2290 411 2356 sententiae
443 2290 623 2376 integritate
651 2292 820 2371 damnauit,
847 2293 1023 2375 iniquitatis
1051 2291 1219 2372 complices
1248 2294 1281 2355 et
1302 2310 1366 2355 nno

197 2389 218 2453 4
240 2396 354 2477 spiritu
377 2397 493 2462 diuinis
512 2397 714 2481 dogmatibus
733 2399 864 2463 aduersa
885 2401 1065 2463 ructantes?
1097 2397 1168 2479 quis
1187 2397 1321 2461 Petrum
1341 2400 1373 2461 et

239 2502 440 2567 Timotheum
474 2504 685 2586 praefatorum
725 2507 871 2570 uernulas
911 2504 1078 2589 ignorauit,
1118 2506 1370 2585 propugnatores
1386 2529 1409 2569 so

240 2607 421 2675 intentionis
458 2609 601 2674 addictae
634 2613 666 2675 et
698 2615 840 2677 auctores
873 2631 908 2676 ac
940 2611 1108 2694 magistros
1141 2628 1216 2673 suos
1255 2629 1368 2674 scaeuo

240 2733 342 2780 errore
365 2715 547 2780 uincentes?
570 2715 663 2780 illum
686 2716 886 2783 Timotheum
908 2718 1066 2799 loquimur
1091 2714 1291 2797 parricidam,
1318 2715 1372 2797 qui

242 2824 367 2886 sanctae
390 2820 611 2886 recordatiouis
634 2822 775 2888 Proterio
800 2823 967 2907 superstite
990 2842 1050 2886 non
1075 2823 1179 2886 solum
1202 2822 1371 2885 ecclesiam

240 2945 301 2991 uon
328 2927 485 3011 religiosis
518 2928 699 2993 auctoribus
728 2929 896 3012 occupauit
921 2947 1033 2993 uerum
1059 2927 1153 2992 otiam
1183 2927 1370 2994 effusionem

329 3049 344 3101 5
364 3047 397 3104 ci.
415 3048 479 3102 Luc.
498 3048 541 3112 22,
561 3049 595 3103 36
615 3047 650 3116 (i)

277 3135 441 3189 iacccdunt
459 3138 485 3189 A
538 3136 677 3206 3magnis
695 3138 723 3190 Β
792 3136 895 3191 fastidii
913 3138 971 3208 Βψε
990 3136 1128 3190 fastidium
1144 3134 1171 3189 V
1230 3137 1372 3190 4summa

242 3227 348 3279 cutetur
365 3225 392 3277 B
444 3226 524 3279 5eos
547 3225 602 3295 Vp:
622 3241 672 3280 om.
691 3226 718 3279 B
771 3225 901 3280 dcbeberc
914 3226 942 3279 Β
994 3227 1065 3293 bap.
1084 3240 1219 3295 pugnaces
1239 3225 1370 3293 siqnidem

243 3311 370 3382 spiritalis
380 3328 447 3380 quae
458 3317 499 3366 est
509 3317 536 3366 et
545 3313 594 3367 deo
608 3318 718 3383 accepta
731 3314 881 3384 congressio
897 3315 1021 3368 uniuersa
1033 3312 1205 3367 laudabiliter
1217 3312 1331 3366 tollerat
1339 3328 1371 3365 ne
1398 3362 1402 3370 .

243 3401 415 3470 quisquamda
459 3403 537 3455 dest
553 3401 595 3454 B:
615 3405 643 3456 et
665 3401 692 3455 V
733 3401 828 3457 'liudo
851 3401 913 3455 VB:
932 3400 1002 3455 uude
1023 3401 1112 3455 (locst.
1165 3400 1328 3455 tollerentur
1345 3400 1373 3452 B

244 3487 317 3542 aV:
336 3504 386 3542 om.
405 3488 451 3557 Βψ
556 3489 676 3544 8etB:
696 3493 727 3543 ut
750 3489 1101 3557 V(etuos..ammonere
1120 3504 1169 3541 om.
1190 3487 1219 3557 ψ)
1308 3486 1371 3556 quid

242 3577 350 3645 empsit
370 3575 440 3644 quod
463 3575 513 3629 VB
566 3577 660 3632 deceat
677 3577 716 3631 B:
736 3577 853 3631 doceatis
876 3577 903 3630 V
952 3577 1028 3646 graui
1046 3576 1073 3630 V
1124 3577 1156 3630 10
1174 3575 1272 3644 religio
1291 3592 1320 3629 se
1338 3575 1369 3639 V,

243 3665 405 3733 religiosap
477 3665 568 3718 offerre
592 3666 646 3737 Vp:
667 3666 758 3720 afferre
776 3665 803 3718 B
875 3667 905 3720 ll
926 3665 1091 3719 institutioni
1110 3664 1136 3717 V
1189 3665 1221 3717 12
1240 3663 1369 3734 perstrin-

245 3754 373 3824 gemusrb
445 3755 734 3823 constantinupolltana
751 3755 779 3807 Β
867 3754 900 3809 13
919 3771 971 3823 qua
988 3755 1047 3824 Βψι
1066 3752 1166 3824 qupV
1260 3752 1371 3806 nestorii

246 3841 403 3910 contagione
421 3840 583 3896 laborauerit
600 3842 658 3913 Bp:
679 3843 773 3897 om.V
816 3843 849 3896 14
868 3860 883 3896 a
900 3843 993 3898 om.B
1029 3844 1061 3897 15
1080 3839 1224 3895 escisusV
1260 3843 1292 3896 16
1303 3856 1371 3893 con-

245 3930 401 3998 gregationc
418 3930 446 3982 B
530 3931 616 3983 sancti
633 3932 701 3985 Bor.
783 3932 897 3985 euticem
915 3931 941 3984 Β
1031 3931 1062 3984 17
1081 3945 1243 3999 magnopere
1262 3927 1324 3982 fidei
1347 3925 1374 3978 V

247 4016 279 4070 18
296 4016 452 4085 iniquitates
471 4017 497 4069 Β
548 4018 581 4072 19
600 4017 712 4072 aduersa
729 4021 864 4073 ructantes
878 4019 917 4071 B:
937 4017 1049 4071 aduersa
1065 4017 1199 4070 luctantes
1222 4016 1249 4069 V
1265 4014 1370 4086 (aduer-

247 4104 328 4158 sarias
345 4105 446 4174 postcis
460 4107 489 4176 ψ)
541 4106 572 4158 21
589 4122 683 4159 scaeuo
698 4107 817 4160 BBar.:
836 4122 916 4159 saeuo
931 4107 957 4177 ψ,
977 4105 1067 4159 crebro
1085 4104 1112 4158 V
1157 4102 1372 4169 caemeterio:

247 4207 303 4244 erro
326 4192 353 4245 V
402 4194 436 4248 28
455 4210 516 4247 scae
535 4194 561 4247 B
632 4194 750 4263 procerio
769 4194 923 4264 superistite
941 4194 968 4247 B
