2904 4672
126 209 308 277 XXXXIIII
545 209 834 278 Prolegomeua.

74 469 76 472 Α
126 403 240 486 reliqui
270 407 365 487 prout
396 421 448 467 eas
481 403 577 468 codex
599 402 747 470 exhibuit.
762 402 786 490 ¹)
813 407 918 468 tumen
940 405 1124 488 praesertim
1147 405 1180 471 in
1202 425 1257 473 no·

125 508 269 602 minibus·
281 509 416 594 propriis
434 528 495 575 nou
513 507 590 574 adeo
610 508 727 574 codicis
746 510 847 591 pressi
864 510 1011 594 uestigia,
1030 511 1116 576 utin
1133 515 1254 577 textum

125 615 295 697 reciperem
312 615 429 680 formas
446 614 537 679 uelut
549 613 686 689 Entices,
701 613 918 690 Andiiccenos,
934 613 1129 695 Mandonius,
1149 635 1254 700 quam·

127 739 220 804 quam
234 721 329 785 etiam
342 720 374 784 iu
389 719 548 802 lapidibus
562 720 641 784 talia
652 720 786 785 inueniri
800 739 861 785 non
875 721 990 788 neseio.
1005 720 1061 786 sed
1074 722 1252 801 tenendum,

126 828 278 909 quantum
300 826 332 890 in
356 826 405 891 bis
426 826 506 908 ipsis
528 825 686 890 mutandis
710 827 826 909 singuli
848 826 966 891 librarii
990 847 1047 892 suo
1071 827 1198 894 arbitrio
1218 846 1253 894 ac

123 931 246 998 libidini
268 931 464 997 indulserint.
488 933 594 1014 itaque
613 933 641 998 si
660 932 740 1014 quis,
758 931 791 996 id
810 931 894 1013 quod
912 933 980 998 sine
1003 933 1097 998 dubio
1122 933 1252 1012 accidet,

123 1038 155 1101 in
183 1039 276 1102 rebus
305 1037 554 1123 orthographicis
581 1056 631 1102 me
659 1056 719 1102 non
747 1037 830 1124 mihi·
854 1038 1035 1103 constitisse
1057 1041 1090 1103 et
1113 1039 1252 1104 codicem

125 1148 180 1208 aut
202 1144 295 1209 nimis
317 1163 426 1228 presse
450 1147 504 1208 aut
524 1162 635 1226 parum
654 1143 801 1209 adcurate
818 1144 992 1232 reddidisse
1009 1143 1252 1226 reprehenderit,

72 1331 73 1335 Ἰ
124 1248 184 1315 hoc
215 1250 342 1332 quidem
373 1269 472 1334 aeque
504 1250 607 1314 animo
633 1250 741 1314 feram.
769 1251 801 1314 in
829 1253 978 1333 apparatu
1006 1252 1112 1315 autem
1143 1249 1251 1316 critico

124 1354 241 1420 codicis
264 1350 293 1418 V
316 1375 423 1421 omnes
455 1354 603 1420 adnotaui
634 1356 738 1420 uarias
769 1357 920 1421 lectiones
953 1355 1089 1440 exceptis
1118 1355 1251 1424 talibus:

125 1459 214 1526 cuel
237 1481 253 1526 c
274 1481 329 1544 pro
352 1482 389 1526 ac
411 1461 464 1526 uel
485 1481 519 1526 oe
541 1459 660 1548 (cdnnn,
672 1482 763 1542 pene,
781 1461 905 1540 hermia
922 1462 1059 1537 amnas,
1072 1479 1169 1543 penu,
1187 1459 1250 1525 ode·
1286 1463 1288 1467 ’

123 1569 201 1644 dire,
224 1571 307 1649 ectus
330 1563 417 1652 etc.)3
440 1588 478 1632 ac
498 1586 554 1651 pro
578 1588 593 1631 e
616 1564 782 1653 (andeste,
804 1563 982 1650 cacinnml3
1006 1568 1019 1631 i
1039 1586 1135 1652 proy
1158 1569 1251 1649 (sine

123 1674 405 1750 decantantem,
436 1672 570 1749 hmanas,
601 1674 755 1751 martires,
782 1671 963 1757 prmbiim);
994 1672 1099 1757 cipro
1127 1673 1153 1736 ti
1173 1675 1207 1737 et
1228 1673 1252 1735 u·

122 1799 178 1862 pro
211 1781 239 1844 ci
270 1779 455 1865 (damnatio,
492 1778 652 1864 nomint
687 1779 830 1859 dompno,
868 1779 1027 1859 dompnus,
1064 1782 1251 1858 contempno,

122 1884 309 1965 colmnpnio,
331 1883 539 1964 sollempnitas
560 1888 625 1965 pro'
639 1883 761 1958 damno,
784 1882 914 1947 maus
936 1885 1009 1957 etc.;
1032 1886 1181 1963 prmus,
1200 1901 1251 1947 os·

121 1994 241 2056 suntne
262 2008 318 2074 pro
340 1981 506 2070 promptus
528 1992 603 2064 etc.;
626 1987 729 2066 until,
752 1988 968 2053 nichilominus
990 1988 1252 2070 (nichilhominus,

122 2094 369 2178 nihilhominus),
390 2093 484 2158 mnbi
505 2112 561 2176 pro
589 2093 669 2158 nibil
695 2097 770 2168 etc.;
801 2096 856 2171 sci,
884 2095 960 2175 apat
986 2111 1041 2176 pre
1063 2093 1127 2166 scd,
1150 2092 1253 2174 opod;

123 2199 231 2269 eclesie
252 2219 308 2283 pro
327 2199 466 2276 nebeim
489 2199 622 2282 inlellopo
638 2218 694 2282 pro
711 2198 848 2283 intellepo
867 2197 977 2285 (uaro);
997 2202 1152 2278 mnenon,
1170 2218 1251 2263 nune·

123 2327 217 2392 quone
237 2326 295 2398 pro
317 2309 474 2387 uniquam
496 2308 555 2374 ete.
579 2303 779 2388 (rarissime);
803 2304 948 2379 eundem,
971 2303 1154 2380 eorumdem,
1168 2322 1250 2388 ραυ-

122 2411 277 2490 rumdom,
300 2411 462 2492 quendem
483 2431 539 2494 pre
562 2411 690 2476 eunden
713 2416 772 2476 etc.
796 2408 989 2495 (rarissime).

533 2652 647 2710 CAPUT
665 2651 846 2708 AL'l'Elthi.

467 2779 529 2843 nn
560 2756 935 2844 enumeremus(

167 2920 319 2986 Auellana
341 2919 484 2992 collectio
508 2921 575 2985 tota
597 2938 697 3002 usque
721 2918 760 2983 ad
782 2917 865 2983 hunc
884 2917 965 2983 diem
989 2914 1074 2981 edita
1094 2933 1154 2979 non
1173 2915 1251 2984 erat,

125 3026 265 3124 singulae
294 3027 361 3092 eius
390 3026 543 3108 epistulae
570 3025 634 3090 sere
662 3042 769 3089 omnes
798 3023 938 3106 saepius..
959 3026 1055 3104 atque
1083 3038 1156 3085 cum
1178 3022 1251 3084 unte

125 3150 239 3213 annum
267 3133 349 3196 1591
379 3149 551 3215 perpaucae
578 3133 701 3196 tantum
730 3149 836 3194 earum
863 3127 1067 3212 epistularum
1094 3124 1178 3208 typis
1201 3143 1251 3189 ex·

123 3256 250 3320 pressae
279 3241 393 3316 essent,
422 3256 501 3319 quae
530 3237 623 3301 etiam
652 3236 726 3301 alibi
749 3237 885 3300 aetatem
906 3232 1086 3319 tulerunti)
1112 3249 1147 3296 eo
1171 3249 1250 3296 anno

124 3341 241 3426 prodiit
266 3341 384 3406 Romae
412 3341 445 3405 in
474 3340 602 3406 aedibus
628 3340 739 3423 populi
761 3338 893 3405 Romani
915 3334 1129 3418 metaurum
1150 3335 1250 3400 decre-

124 3448 233 3512 talium
262 3466 451 3531 summorum
481 3445 658 3530 pontificum
689 3448 787 3514 mnino
811 3445 937 3525 pamas
959 3442 1121 3508 confectus
1144 3440 1251 3507 studio

124 3553 290 3620 Antonii
305 3550 494 3620 ·Oardinalis
527 3550 692 3618 Careiae
722 3554 857 3633 postque
880 3549 949 3616 eius
971 3551 1105 3615 mortem
1128 3547 1166 3612 ab
1189 3546 1252 3610 An·

124 3659 211 3726 ionio
227 3659 264 3724 de
276 3659 401 3742 Aquino
413 3658 452 3723 ad
468 3658 585 3724 exitum
599 3657 780 3742 perductus,
795 3655 887 3720 cuius
900 3654 980 3720 tomi
992 3653 1074 3736 parti
1086 3650 1252 3735 posteriori

163 3832 182 3900 ¹)
202 3815 311 3902 Semper
336 3834 427 3885 tamen
454 3830 547 3901 scripsi
573 3830 715 3899 imponere,
737 3828 885 3898 imperate-r
907 3825 1067 3910 etc-idque
1088 3825 1158 3889 ideo,
1178 3823 1252 3895 quod

123 3920 216 3977 multis
234 3920 301 3974 locis
320 3919 401 3974 codex
419 3918 527 3973 exhibet
543 3917 607 3987 imp,
625 3917 717 3988 paucis
734 3916 792 3984 inp,
810 3915 949 3986 permultis
966 3916 1004 3984 ip,
1019 3913 1092 3984 quod
1109 3917 1197 3970 utrum
1215 3910 1253 3965 sit

124 4011 180 4078 imp
199 4025 233 4062 an
249 4009 300 4076 inp
319 4006 460 4061 diiudicari
477 4022 532 4060 uon
548 4008 648 4076 potest.

161 4096 181 4163 ²)
200 4095 379 4166 Excipiendae
397 4098 460 4149 sunt
477 4110 536 4165 epp.
555 4093 652 4148 Leonis
671 4093 784 4156 51-55,
804 4090 837 4145 de
856 4090 951 4162 quibus
970 4091 1003 4145 cf.
1021 4089 1091 4144 infra
1112 4105 1139 4158 p.
1163 4087 1252 4142 LIIII.
