2904 4672
20 36 100 269 l
214 240 254 302 52
546 232 687 302 Epistulae
706 230 739 285 de
758 231 900 285 schismate
920 230 1010 285 Ursini

208 430 396 508 accumulet,
419 427 526 512 Olybri
545 447 657 512 parens
675 427 842 492 karissime
861 429 955 509 atque
975 425 1204 490 amantissime:
1224 424 1349 508 proprio

208 535 324 622 quippe
334 553 409 600 cura
422 534 561 624 ingenim
578 534 655 599 satis
670 537 728 611 est,
746 536 782 597 ut
797 533 931 616 inceptis
946 531 1120 617 posteriora
1132 530 1349 616 respondeant.

165 635 310 724 3neque
343 641 390 706 ita
428 640 564 725 origines
604 639 774 704 criminum
811 639 961 715 metiaris,
999 642 1037 703 ut
1074 637 1348 702 mansuetudinem

207 750 346 812 nostram
370 747 410 811 de
441 746 684 812 correctionibus
716 745 912 829 singulorum
940 745 1087 810 aestimes
1114 742 1347 820 consulendam,

211 872 284 917 cum
316 853 428 931 omnia,
459 861 497 916 'er
531 851 645 934 quibus
675 851 781 934 aliqua
815 852 921 932 potest
949 869 1018 915 esse
1055 849 1209 926 contusio,
1236 850 1389 936 sponte-r

206 958 389 1041 praeuenias
412 977 447 1023 ac
472 958 517 1023 sic
543 957 678 1023 sollicite
708 956 945 1038 uerecundoque
973 973 1163 1039 compescas,
1191 957 1235 1022 ut⁸
1254 953 1344 1018 nobis

207 1067 356 1129 nontam
379 1062 530 1128 incitandi
552 1062 724 1127 necessitas
747 1062 942 1143 relinquatur
965 1079 1057 1141 quam
1083 1059 1183 1143 gratia
1206 1078 1344 1142 compro

207 1161 311 1234 bandi.

734 1326 817 1410 (11.)

248 1468 324 1512 rnnr
341 1468 476 1513 ancusrr
494 1469 537 1512 an
556 1467 756 1514 amnnrurr’.
771 1469 799 1516 u.
868 1450 939 1513 Iure
954 1446 1202 1513 mansuetudinis
1217 1449 1341 1511 nostrae
1360 1479 1386 1515 ιο

206 1554 351 1619 sensibus
380 1554 432 1619 uel
461 1554 614 1626 diuinitus
647 1555 758 1619 datum
786 1557 836 1618 est
862 1556 915 1619 uel
945 1553 1170 1637 tranquillitate
1199 1555 1339 1628 naturae,

205 1679 242 1724 ne
272 1679 344 1724 curn
368 1659 604 1746 delinquentum
630 1660 765 1725 facinore
792 1659 900 1745 legum
928 1659 1096 1728 seueritate
1123 1661 1279 1746 certemus
1304 1677 1340 1722 ac

206 1784 260 1847 spe
290 1765 514 1831 emendationis
542 1766 666 1830 futurae
693 1766 850 1834 mitiorem
877 1784 946 1830 esse
974 1765 1109 1830 uelimus
1137 1764 1339 1829 correctionis

204 1871 351 1936 iniuriam
389 1890 483 1954 quam
512 1874 664 1953 prouocat
694 1872 842 1937 meritum
871 1871 1042 1948 noxiorum,
1073 1870 1196 1952 Ampeli
1226 1889 1339 1952 parens

161 1977 366 2042 2karissime
403 1980 497 2060 atque
534 1978 756 2043 amantissime.
827 1978 945 2043 dudum
980 1977 1085 2042 Ursini
1121 1976 1339 2059 inquietudine
1358 2011 1383 2049 n

203 2084 374 2164 prouocati,
398 2083 539 2148 fauentes
563 2084 743 2149 concordiae
770 2085 879 2167 populi
907 2082 1085 2161 Christiani,
1114 2083 1212 2167 quieti
1240 2083 1337 2148 etiam

203 2188 289 2252 urbis
312 2189 542 2255 sacratissimae
564 2190 765 2273 prouidenter
789 2212 849 2256 uno
872 2191 996 2260 interim
1018 2191 1087 2256 loco
1110 2191 1192 2254 intra
1215 2187 1336 2252 Gallias

204 2293 364 2359 dumtaxat
398 2294 646 2378 perturbatorem
681 2297 917 2379 tranquillitatis
949 2297 1093 2379 publicae
1123 2298 1336 2359 statueramus

202 2401 269 2464 iure
293 2401 439 2479 cohiberi,
464 2402 646 2467 scilicetne
671 2402 877 2485 applicatione
899 2421 1022 2466 morum
1044 2402 1107 2467 late
1130 2400 1336 2464 dissensionis

201 2506 433 2573 incommodum
452 2512 660 2592 spargeretur.
681 2529 792 2573 uerum
811 2512 938 2573 naturae
957 2512 1080 2573 nostrae
1094 2505 1336 2572 mansuetudine
1355 2544 1382 2582 ao

201 2612 332 2696 lenigatl
350 2613 396 2677 ita
413 2617 584 2679 memorato
605 2614 792 2680 abscedendi
807 2615 928 2697 copiam
940 2614 1093 2691 dedimus,
1108 2632 1146 2677 ne
1166 2613 1205 2683 ed
1223 2612 1335 2677 urbem

201 2717 332 2782 Romam
359 2718 412 2782 uel
435 2721 518 2783 certe
541 2720 772 2784 suburbicarias
795 2720 937 2810 regiones
959 2719 1072 2801 pedem
1094 2717 1255 2783 introferre
1278 2727 1335 2781 aut

157 2825 176 2886 3
200 2822 357 2906 nequitiae
377 2842 460 2888 suae
488 2825 705 2910 contagionem
733 2827 861 2889 conetur
881 2824 1053 2888 infundere.
1120 2823 1154 2886 id
1176 2823 1272 2887 etiam
1295 2823 1334 2886 de

201 2929 312 2994 ceteris
350 2930 460 2995 erroris
494 2931 561 2996 eius
595 2931 802 3008 consortibus,
836 2929 1012 2995 Gaudentio
1044 2929 1207 3006 uidelicet,
1240 2929 1333 3005 Urso,

199 3035 292 3113 Rufo,
307 3035 483 3114 Auxanone,
499 3036 649 3114 Auxanio,
663 3037 804 3113 Adiecto,
815 3037 982 3108 (Leontio)
992 3040 1024 3101 et
1035 3035 1148 3100 Rufino
1164 3034 1333 3111 sancimus
1352 3070 1380 3110 25

200 3143 237 3204 ut
264 3159 342 3222 quos
371 3139 528 3224 nequitiae
557 3143 731 3208 similitudo
762 3143 989 3225 complectitur,
1019 3161 1071 3208 eos
1101 3142 1209 3205 eadem
1237 3139 1333 3203 etiam

233 3413 250 3465 2
270 3413 343 3481 cura]
362 3414 419 3466 acii.
440 3416 481 3466 est
552 3413 667 3483 inceptis
690 3413 716 3466 V
768 3414 784 3467 3
804 3414 926 3483 origenes
949 3414 976 3467 V

234 3501 281 3554 11.
316 3499 384 3554 Det.
402 3500 484 3554 amal
502 3517 563 3555 eum
580 3517 618 3569 ep.
638 3505 681 3569 12,
701 3501 766 3556 dam
781 3503 852 3571 perit
868 3502 944 3555 urbis
957 3504 1163 3570 praefecturam
1180 3504 1329 3573 Ampelisca,

198 3590 245 3657 qui
262 3590 392 3644 succeseit
410 3590 530 3659 vOlybrio
548 3591 620 3645 inter
643 3594 684 3644 21.
709 3593 780 3660 Aac.
804 3594 865 3644 370
887 3591 970 3658 (eod.
997 3591 1097 3645 Tteod.
1120 3592 1159 3645 Π
1178 3595 1223 3657 10,
1251 3596 1281 3661 5)
1307 3602 1332 3649 et

131 3737 133 3739 .
198 3682 221 3732 1.
239 3679 303 3732 lan.
324 3681 378 3731 371
396 3677 441 3744 (O.
469 3679 521 3733 Tb.
545 3679 603 3732 XV
624 3683 668 3746 10,
691 3684 720 3748 1)
740 3685 765 3732 et
784 3679 871 3733 maura
890 3680 964 3734 dedit
981 3680 1115 3751 Bupporcc'
1131 3680 1203 3734 inter
1223 3684 1248 3734 5.
1273 3682 1329 3737 rar.

199 3766 245 3833 (O.
267 3760 317 3820 Tb.
340 3766 386 3821 VI
398 3770 423 3832 7,
437 3770 566 3834 1)et22.
580 3768 650 3837 Aap.
667 3771 725 3823 372
740 3768 785 3835 (O.
804 3768 853 3822 Tb.
871 3768 916 3821 VI
928 3772 954 3833 4,
968 3772 1024 3837 21).
1078 3768 1328 3824 Edd.Bar.eda.

200 3859 262 3918 371,
281 3859 314 3922 13·
326 3855 437 3911 Haemi
450 3855 479 3911 0.
493 3856 528 3910 L.
547 3859 615 3911 224.
654 3848 686 3910 1o
704 3856 776 3911 idem
795 3842 830 3910 a—ar
844 3856 879 3928 ad
895 3857 1043 3926 ampelium
1061 3843 1106 3925 pu.
1125 3857 1151 3909 V
1186 3859 1218 3911 19
1232 3858 1287 3929 lats
1306 3860 1333 3913 V

198 3945 231 3997 21
251 3943 413 3999 abscedendi
428 3945 515 4000 Bam:
534 3945 686 4000 abstinendi
709 3945 734 3998 V
803 3946 837 3999 25
856 3945 926 3999 Rufo
945 3944 984 3999 0²:
1003 3943 1088 4000 rufino
1111 3945 1137 3997 V
1214 3946 1328 4000 Leontio

199 4032 263 4086 edd.
281 4032 377 4101 Meyer·
394 4034 429 4100 cf.
437 4051 468 4101 p.
485 4037 531 4101 54,
545 4036 564 4086 8
635 4034 780 4088 sanctimus
800 4035 830 4099 V,
850 4049 947 4088 corae
997 4035 1032 4088 26
1047 4049 1092 4087 eos
1107 4034 1200 4088 eadem
1218 4035 1329 4104 carpsi.-

198 4120 305 4176 eosdem
328 4122 360 4186 V,
380 4121 500 4176 eiusdem
517 4123 612 4193 Meyer
