2904 4672
210 239 275 302 484
554 232 637 288 Gesta
655 233 687 287 de
707 233 874 288 absolutione
891 235 989 289 Miseni

158 426 373 495 acromonte
405 427 591 492 faciendum.
623 428 738 494 idcirco
770 429 825 493 illa
855 447 916 493 non
949 429 1135 496 succedente
1170 431 1236 510 uia,
1274 449 1340 513 qua

209 554 333 601 reorum
363 536 466 601 fuerat
496 536 705 602 reconciliatio
738 536 919 615 constituta,
952 538 1082 602 alteram
1107 536 1184 603 licet
1211 537 1339 613 adoriri,

211 663 272 727 qua
305 642 509 708 subueniatur
544 642 657 725 quibus
694 642 943 707 subueniendum
979 662 1048 709 esse
1083 643 1244 708 decretum
1276 646 1339 721 est,

210 749 342 814 maxime
383 768 455 814 oum
495 748 616 813 Miseno
658 767 694 812 ex
738 749 880 830 quolibet
924 768 1053 815 excessu
1096 749 1150 814 uel
1195 749 1340 832 qualibet

208 854 472 938 praeuaricatione
494 871 595 935 poena
616 852 762 929 sufficiat,
782 873 861 936 quae
878 873 980 936 usqua
1003 874 1039 920 eo
1061 858 1195 920 tractata
1218 857 1277 932 est,
1301 859 1339 919 ut
1370 874 1384 913 s

211 959 278 1026 sola
299 959 485 1025 conditionis
516 960 669 1024 humanae
700 962 732 1023 et
759 978 904 1042 suprema
935 960 1178 1025 consideratione
1205 962 1339 1039 laxetur,

210 1066 458 1148 remittendaque
484 1065 606 1147 punitio
634 1066 685 1144 sit,
715 1084 794 1149 qnae
816 1084 876 1130 non
900 1066 995 1130 habet
1015 1067 1099 1130 ultra
1119 1086 1181 1149 quo
1205 1071 1339 1146 crescat,

211 1171 285 1254 quia
316 1191 387 1236 cum
419 1172 499 1236 nulli
530 1172 650 1236 animae
683 1170 760 1237 dens
792 1172 987 1254 omnipotens
1020 1175 1052 1237 et
1077 1172 1254 1238 misericors
1283 1193 1341 1257 per

211 1279 457 1343 ecclesiasticam
479 1277 629 1361 pietatem
652 1277 813 1360 quaerenti
835 1278 972 1342 uoluerit
988 1277 1161 1342 remedium
1178 1278 1340 1363 denegari,

211 1404 271 1449 non
295 1383 425 1448 dubium
448 1386 497 1448 est
518 1383 579 1448 hoc
601 1384 670 1467 ipso
695 1387 821 1449 auctore
845 1382 902 1449 deo
926 1389 957 1448 et
979 1382 1086 1448 diuina
1107 1384 1387 1466 conpunctionem

211 1491 343 1574 prodire,
375 1494 413 1556 ut
443 1492 520 1556 tunc
552 1490 590 1556 de
623 1490 690 1556 eins
722 1491 898 1574 receptione
928 1492 1089 1566 tractetur,
1117 1489 1240 1572 quando
1270 1511 1341 1556 eam

159 1591 200 1656 27
211 1617 272 1662 non
299 1596 482 1680 protelanda
508 1617 631 1680 quoque
659 1597 831 1663 necessitas
860 1597 1028 1681 compellat
1052 1595 1206 1680 impendi;
1229 1601 1341 1664 nostro

211 1707 369 1788 praeterea
382 1704 536 1769 saluatore
554 1703 646 1770 beato
664 1704 757 1769 Petro
776 1705 917 1788 apostolo
936 1721 1010 1787 prae
1029 1703 1140 1768 ceteris
1163 1702 1341 1788 deleganti:

213 1828 493 1894 quaecumque
516 1809 718 1894 ligaueris
742 1813 1044 1892 superterram,
1067 1809 1198 1893 ligata
1222 1813 1343 1875 erunt

213 1919 252 1982 et
286 1916 324 1980 in
361 1915 488 1981 caelis
522 1918 561 1980 et
592 1934 864 1999 quaecumque
894 1914 1072 1981 solueris
1108 1933 1232 1998 snper
1266 1919 1389 1980 ter-rs

212 2042 301 2102 rem,
325 2026 441 2089 erunt
463 2024 601 2089 soluta
623 2023 721 2088 etin
746 2022 884 2098 caelis,
908 2021 992 2088 sicut
1014 2024 1046 2086 et
1066 2021 1115 2086 his
1133 2020 1241 2085 uerbis
1261 2021 1342 2085 nihil

213 2131 338 2198 constat
364 2131 536 2212 exceptum,
564 2129 609 2194 sio
636 2147 692 2212 per
718 2128 909 2212 apostolicae
932 2127 1174 2210 dispensationis
1199 2127 1342 2192 officium

213 2238 245 2301 et
274 2237 377 2300 totum
409 2235 511 2317 possit
542 2235 728 2320 generaliter
757 2233 879 2318 alligari
910 2236 942 2298 et
972 2235 1076 2298 totum
1111 2237 1344 2315 consequenter

214 2340 346 2419 absolui,
368 2341 534 2424 praecipue
553 2360 624 2406 curn
648 2359 683 2405 er
700 2340 760 2406 hoc
779 2339 879 2423 magis
898 2339 1039 2423 praeberi
1056 2339 1176 2404 cunctis
1196 2342 1343 2421 oporteat

213 2447 403 2530 apostolicae
425 2447 634 2513 miserationis
657 2447 844 2530 exemplum,
866 2449 903 2511 ut
925 2444 1122 2511 absolutione
1141 2444 1294 2524 damnati,
1315 2446 1344 2510 si
1361 2468 1388 2506 20

212 2552 397 2635 resipiscant
418 2553 557 2619 uniuersi
580 2556 612 2618 et
633 2551 671 2617 ab
695 2572 796 2618 errore
819 2571 852 2618 se
870 2551 1029 2617 retrahant
1045 2555 1138 2633 atque
1156 2549 1197 2614 ad
1215 2555 1344 2632 aposto·

302 2803 335 2857 14
352 2801 449 2856 Matth.
469 2803 510 2865 16,
530 2803 563 2856 19

250 2976 441 3032 tenemento
463 2975 552 3032 VFA:
570 2976 685 3031 faciente
703 2976 731 3029 Β
836 2993 889 3046 qua
905 2991 1010 3030 reorum
1032 2974 1123 3030 lirici:
1142 2991 1225 3044 quare
1243 2975 1342 3030 horum

218 3063 315 3129 VM,
334 3081 414 3135 quare
431 3065 542 3119 heorum
560 3063 607 3130 Δί,
626 3081 680 3134 qna
696 3081 813 3120 seorsum
830 3063 866 3129 Β,
885 3080 939 3135 qua
956 3080 1045 3118 eornm
1063 3063 1133 3117 Bar.
1211 3064 1228 3117 2
1247 3080 1342 3119 recorr-

214 3153 313 3208 ailiatia
331 3153 358 3206 Β
428 3153 543 3206 alterum
561 3153 589 3206 Β
659 3151 777 3206 adhoriri
795 3151 823 3205 Β
897 3150 1077 3207 Bdiscretum
1094 3150 1122 3204 Β
1193 3150 1342 3206 ‘decretum

214 3245 264 3296 est'
279 3245 308 3296 et
321 3241 400 3311 paulo
413 3244 476 3311 poet
488 3247 582 3310 ‘neque
596 3240 666 3295 enirn
682 3240 728 3318 qni
741 3239 829 3310 longe'
841 3241 878 3309 (p.
892 3241 958 3304 485,
971 3243 999 3306 3)
1014 3239 1119 3294 omiema
1131 3238 1304 3294 intermediis
1316 3240 1342 3294 A

214 3329 486 3402 tpraenaricatiorlia
510 3327 594 3393 VFB,
613 3343 681 3383 corr.
701 3326 728 3379 ο2
797 3344 880 3398 penas
903 3327 930 3381 V
997 3329 1112 3381 amma
1124 3326 1165 3380 Β.·
1181 3329 1274 3382 tracta
1293 3327 1339 3382 Vs

215 3421 246 3472 ut
269 3417 334 3473 VF:
356 3420 384 3472 et
401 3417 428 3470 Β
502 3418 518 3472 6
542 3420 570 3471 et
597 3415 685 3471 VFB:
704 3431 756 3471 ora.
773 3416 843 3471 Bor.
918 3432 1060 3486 supprema
1081 3414 1298 3471 consideratione
1315 3417 1343 3471 Β

211 3507 299 3578 'Barac
320 3522 434 3576 superna
454 3504 608 3560 conditione
635 3504 688 3558 VF
774 3505 789 3558 'l
812 3503 1013 3573 remittendaque
1035 3519 1068 3557 aa
1088 3502 1285 3574 renitendaque
1306 3504 1341 3570 Β,

211 3578 378 3661 remittenda
396 3610 463 3663 quae
480 3593 508 3647 Β
585 3594 688 3663 punitio
706 3593 734 3646 Β
813 3594 849 3646 sit
871 3592 910 3646 B:
929 3594 972 3647 est
994 3590 1048 3645 VF
1110 3591 1271 3646 iinolucrit
1288 3591 1346 3648 ΒΒ

217 3683 250 3743 10
267 3683 328 3768 ipsa
343 3680 372 3735 Β
456 3683 496 3750 et]
517 3698 556 3735 aa
574 3681 623 3735 er?
713 3683 743 3735 11
768 3682 801 3736 de
824 3697 873 3736 om.
900 3679 950 3734 VF
1051 3696 1109 3734 eam
1133 3679 1203 3744 (acii.
1225 3682 1342 3751 recepti·

216 3767 305 3840 onero)
323 3770 431 3838 seipsi:
451 3787 483 3824 ea
504 3770 583 3825 VFB
655 3771 688 3823 12
705 3769 847 3839 proteland
862 3769 899 3834 F,
916 3765 1088 3839 procellanda
1104 3767 1144 3831 B;
1166 3768 1232 3835 fort.
1252 3773 1342 3838 prote·

215 3859 323 3926 landam
412 3858 511 3929 impedi
537 3858 564 3911 V
650 3858 682 3912 13
705 3874 752 3927 pro
773 3856 802 3909 Β
889 3856 1021 3925 deligenti
1042 3853 1077 3920 F,
1104 3854 1251 3925 delegante
1274 3859 1341 3912 Bar.

218 3950 251 4001 14
270 3963 399 4018 quaecum
420 3948 553 4017 legaueris
575 3947 603 4001 Β
703 3947 795 4015 legata
818 3948 896 3999 erunt
922 3945 950 3997 in
977 3946 1036 4015 (om.
1060 3947 1097 4012 et)
1122 3943 1149 3996 Β
1241 3945 1276 4000 17
1299 3963 1344 4017 per

217 4050 267 4089 om.
286 4034 317 4088 F
385 4036 418 4089 18
436 4036 563 4104 geraliter
582 4035 613 4088 Β
680 4034 792 4103 allegari
809 4033 837 4086 Β
908 4037 972 4086 ante
989 4034 1182 4100 consequenter
1200 4032 1252 4088 dal.
1273 4037 1304 4088 et
1318 4035 1344 4088 Β

219 4124 251 4176 19
269 4121 419 4192 preueriB
471 4125 504 4178 20
523 4123 673 4193 dampnatis
696 4122 722 4175 V
772 4121 805 4175 ‘21
825 4120 860 4176 ad
877 4119 918 4175 F:
938 4120 971 4174 ab
988 4119 1024 4186 B,
1041 4135 1092 4173 om.
1116 4119 1143 4173 V
