2904 4672
170 265 236 334 360
343 259 466 317 Gelenius
482 259 504 314 1.
523 263 617 314 oontrn
633 261 953 330 Pelagiannmhaeresirn
972 261 1006 317 ad
1023 261 1137 318 Picenus

167 456 343 521 recidere
334 473 403 536 rpao
432 473 535 519 rerum
568 453 823 535 consequentium
853 454 978 519 ιιιιιιιιι
1005 455 1284 524 manifestumt
1236 463 1294 524 est.

124 561 254 641 9,ιιιιι
275 561 372 644 igitur
399 561 503 624 effecti
529 559 684 643 principes
711 562 834 623 nostrae
861 560 1053 626 substantiae
1081 564 1216 628 semet
1207 583 1294 646 rpsos

100 666 335 750 passibiles
363 670 394 730 et
422 665 639 747 corruptibiles
665 664 875 744 reddiderunt,
851 665 934 731 tin
959 670 1029 730 tent
1015 671 1085 733 tum
1106 667 1293 748 conditionis

48 825 50 828 ,
170 771 293 837 diuinae
315 770 402 836 dona
428 771 594 850 uiolantee,
622 772 659 835 nt
684 770 794 835 mortis
821 770 938 835 luerint
958 773 1077 837 ultione
1100 767 1213 857 puniti.
1237 776 1293 840 hac

170 878 252 943 euim
276 877 325 942 die
347 877 445 943 luisse
467 880 618 955 mortuos,
642 895 703 959 qna
721 876 868 941 mortales
886 862 989 942 effecti
1007 882 1090 958 sunt,
1110 881 1293 967 ambignum
1320 906 1332 945 ι

137 986 140 991 ’
170 1003 229 1049 ιιι
256 985 396 1074 habetur.
423 982 551 1066 proinde
578 981 730 1067 quidquid
756 981 812 1046 isti
834 983 991 1066 genitores
1015 984 1052 1048 de
1075 1004 1133 1051 sno
1157 988 1293 1069 germine

169 1083 375 1173 protulerunt,
412 1108 491 1172 opus
529 1088 655 1171 quidem
691 1088 742 1153 dei
777 1091 827 1153 est
862 1089 1033 1155 secundum
1063 1091 1293 1158 institutionem
1329 1094 1333 1102 '

169 1199 297 1261 naturae
324 1194 379 1260 sed
405 1214 466 1261 non
494 1195 613 1277 absque
639 1194 784 1280 contagio
805 1194 893 1261 illius
915 1196 999 1276 mali,
1019 1197 1106 1279 quod
1129 1218 1187 1264 sua
1209 1219 1292 1282 prae-

169 1290 358 1367 uaricatione
379 1287 547 1377 unierunt,
572 1303 604 1365 et
625 1299 734 1388 utique
757 1301 826 1379 hoo,
849 1300 883 1365 id
905 1305 954 1367 ιιι
974 1302 1075 1384 ipsius
1097 1305 1173 1369 mali
1191 1310 1293 1370 eonta-

120 1407 200 1472 10
171 1426 268 1492 grum
300 1408 420 1480 certum
451 1408 500 1469 est
531 1424 610 1487 opus
642 1424 702 1469 non
735 1423 804 1470 esse
822 1382 987 1474 diuinum.
1019 1408 1124 1490 itaque
1159 1429 1222 1475 non
1259 1431 1292 1476 ιι
1308 1437 1331 1477 ιι

171 1513 325 1578 creatione
347 1511 464 1576 deitas
449 1512 603 1605 tuition,
623 1512 706 1593 quod
724 1513 900 1578 uoluntario
918 1517 1006 1579 motu
1024 1517 1079 1578 nat
1079 1535 1136 1580 nra
1154 1518 1291 1603 collegit

171 1619 227 1685 sed
241 1619 332 1683 etiam
349 1618 386 1683 de
404 1617 516 1682 uitiata
533 1636 588 1699 per
605 1618 732 1682 semet
723 1636 823 1700 rpsam
841 1622 951 1684 natura
969 1620 1045 1685 dens
1062 1621 1292 1688 institutionem

171 1742 259 1790 snam
288 1723 413 1805 quidem
441 1743 516 1788 snae
543 1722 709 1789 creationis
737 1724 924 1806 exsequitur,
953 1725 1009 1789 sed
1036 1730 1119 1791 creat
1120 1727 1150 1791 io
1177 1729 1292 1810 profert

170 1829 295 1905 uitium,
323 1829 406 1912 quod
433 1849 494 1894 non
522 1848 557 1894 ιι
584 1829 782 1894 institutione
810 1830 957 1895 creatoris
985 1831 1106 1914 accepit
1131 1832 1188 1897 sed
1212 1835 1292 1916 quod

169 1935 240 2016 ipsa
264 1953 319 2018 per
344 1937 468 2017 lapsum
494 1953 570 1999 suae
597 1935 854 2018 transgressionis
877 1935 1062 2019 adsumpsit.
1085 1956 1158 2001 nam
1181 1939 1210 2003 si
1231 1941 1330 2022 ipsiu

169 2039 261 2121 primi
288 2040 430 2106 homines
458 2059 494 2104 er
520 2040 627 2117 nullis,
655 2044 692 2104 ut
718 2039 837 2105 dictum
866 2044 924 2118 est,
952 2042 1133 2123 parentibus
1166 2045 1232 2109 nati
1262 2050 1292 2111 et

170 2146 236 2210 sine
250 2145 316 2229 ullo
330 2146 454 2213 formati
472 2146 614 2230 contagio
633 2165 688 2229 per
704 2145 857 2211 ambitum
874 2147 1136 2229 praesumptionis
1154 2149 1290 2216 inlicitae

170 2251 368 2334 semetipsos
382 2251 548 2335 deprauare
561 2253 731 2334 potnernut
749 2251 828 2317 etin
847 2271 938 2334 opere
957 2252 1006 2317 dei
1024 2271 1102 2335 opus
1121 2253 1291 2321 diabolicae

169 2356 287 2422 randis
311 2360 486 2431 annectere,
515 2356 590 2440 qnid
611 2357 735 2435 mirum,
759 2357 787 2420 ai
808 2357 891 2422 idem
915 2357 1076 2440 depraunti
1097 2362 1292 2441 protulemnt

120 2452 310 2531 ll'snbolem
339 2463 559 2546 deprauntnm?
609 2481 709 2528 nonne
728 2461 823 2528 etiam
841 2482 914 2527 eum
932 2453 1008 2528 dene
1031 2464 1141 2547 ntique
1163 2466 1291 2530 liberam
1305 2491 1326 2530 ιι

171 2568 343 2634 condiderit
373 2570 540 2634 humanum
572 2588 630 2633 sna
661 2570 815 2634 creatione
844 2569 1061 2647 substantiam,
1090 2571 1185 2635 etiam
1211 2570 1291 2654 apud

170 2674 321 2739 humanas
342 2678 445 2740 tamen
467 2675 554 2758 leges
577 2675 768 2739 extrinsecus
789 2674 937 2740 accedens
957 2675 1093 2739 seruitus
1111 2677 1294 2740 naturaliter

81 2829 83 2832 Α
129 2765 130 2768 “
172 2798 238 2842 eam
278 2779 381 2844 reddit
420 2775 601 2844 obstrictam
643 2782 675 2843 ιι
714 2779 900 2845 obnoxiam?
946 2779 1064 2863 origine
1110 2784 1294 2864 generantur

171 2880 293 2950 obnoxii
315 2887 346 2949 et
369 2892 403 2948 eir
427 2884 601 2950 conditione
625 2885 732 2949 seruili
754 2884 926 2968 gignuntur
949 2884 1063 2950 addicti
1087 2887 1118 2949 et
1140 2884 1292 2950 nascendo

170 2988 250 3054 fiunt
270 2989 357 3072 prins
380 2989 510 3074 obligati
533 3007 625 3072 quam
648 2991 756 3074 geniti.
780 2990 808 3055 ei
830 2990 889 3055 hoe
908 2990 1012 3074 agitur
1034 2989 1072 3053 de
1094 2990 1188 3054 rebus
1212 2995 1293 3055 exora
1307 3018 1329 3060 ι

171 3098 311 3159 naturam
339 3095 462 3178 positis,
492 3095 734 3179 quantomagis
763 3095 801 3160 ds
828 3096 878 3161 his
905 3095 1066 3178 prouenire
1094 3114 1154 3159 non
1181 3097 1292 3160 mirum

172 3202 229 3276 est,
253 3201 367 3282 quibus
389 3200 460 3282 ipen
480 3201 616 3265 hnmana
638 3201 814 3265 substantia
832 3200 1000 3283 deprauata
1019 3201 1241 3283 cognoscitur?
1259 3219 1291 3266 ec

171 3323 226 3388 per
252 3304 312 3371 hoc
339 3305 423 3370 sicut
450 3325 484 3370 se
506 3306 576 3388 ipsa
597 3297 733 3370 humana
755 3304 931 3370 substantia
954 3305 991 3368 de
1014 3304 1212 3370 institutione
1235 3306 1291 3369 sin-

171 3428 242 3474 cera
272 3412 398 3474 actuum
429 3410 629 3492 reproborum
660 3429 714 3474 ren
743 3409 820 3474 fecit
850 3410 1012 3474 uoluntate
1047 3410 1212 3491 pollutam,
1249 3410 1291 3474 sic

172 3514 272 3579 edidit
305 3514 447 3588 subolem
483 3517 577 3596 etque
612 3516 791 3598 progeniem
827 3518 954 3578 naturae
990 3534 1064 3578 suae
1101 3533 1137 3578 en
1169 3518 1291 3579 actuum
1305 3544 1326 3585 ιι

173 3638 300 3684 snorum
335 3637 387 3684 rea
422 3621 584 3685 uoluntate
620 3620 822 3697 maculosam,
861 3619 933 3701 quin
968 3619 1149 3684 huiusmodi
1187 3620 1292 3702 gennit

171 3725 301 3807 prolem,
330 3725 505 3790 cuiusmodi
528 3745 567 3801 ¹so
595 3725 663 3807 ipsa
688 3725 825 3789 reddidit
840 3715 1124 3808 'praeuaricationis
1157 3744 1290 3801 excessu,

208 3963 304 4019 aide
327 3964 364 4019 V:
381 3964 452 4018 idem
471 3983 488 4016 α
538 3966 570 4019 10
587 3983 625 4032 eq.
646 3982 676 4018 ex
695 3965 828 4019 creatione
848 3963 886 4018 0²:
906 3963 1119 4018 execrationeV
1169 3966 1201 4019 13
1220 3981 1290 4043 suam

174 4050 224 4106 del.
244 4049 270 4121 ρ2
343 4052 495 4106 151ιιιιιιιι
519 4053 545 4106 V
614 4053 645 4107 17
665 4053 768 4107 inlicite
792 4053 818 4106 V
886 4053 919 4105 22
943 4051 1064 4105 accidens
1089 4051 1119 4116 V,
1142 4069 1211 4108 corr.
1233 4052 1290 4106 Car.

174 4139 209 4190 24
226 4141 356 4208 giguntur
379 4138 402 4192 V
454 4142 487 4195 25
507 4140 619 4209 obligati
641 4140 672 4205 V,
691 4157 758 4194 corr.
777 4138 804 4191 ι2
