2904 4672
164 219 206 282 5ss
521 214 661 284 Epistulae
680 213 713 269 de
732 197 875 268 schismate
895 215 984 269 Ursini

165 409 192 474 si
219 408 295 492 quid
322 408 468 472 decessor
494 411 570 471 tuus
599 406 706 472 deuoti
733 407 853 492 uigoris
884 407 1058 488 habuisset,
1088 430 1178 493 porro
1210 413 1296 476 ultra

121 511 240 580 ilines
277 513 438 578 debuisset
475 513 646 578 extrudere.
714 517 747 578 et
777 513 955 580 Florentius
990 516 1185 582 Puteolanus
1221 522 1297 601 post

165 620 406 695 damnationem,
435 637 528 700 quam
556 621 641 683 recto
668 618 786 683 iudicio
814 619 979 685 conuictus
1007 622 1129 704 aceepit
1152 642 1187 688 ac
1210 644 1297 689 man-

123 740 125 743 ’
165 726 364 792 suetudinem
387 727 525 790 nostram
548 723 727 806 inquietare
747 728 878 790 conatus
901 726 1031 810 dignum
1053 728 1130 793 tulit
1154 729 1299 812 improba

165 832 334 898 offensione
347 849 548 914 responsum:
567 834 641 913 post
654 830 798 912 quintum
813 831 970 897 decimum
984 852 1099 898 annum
1118 831 1296 913 eeclesiam,
1321 859 1345 896 1

165 939 203 1003 do
231 957 293 1020 qua
320 939 422 1003 suerat
449 939 602 1015 extrusus,
631 956 738 1001 rursus
767 937 977 1002 contaminare
1005 943 1143 1018 conatur,
1168 960 1298 1025 congre-

167 1043 308 1128 gationes
339 1042 473 1124 illicitas
505 1043 606 1107 facere
638 1043 768 1107 molitur
800 1047 1004 1127 egentemque
1038 1046 1162 1110 consilii
1188 1048 1299 1112 multi-

166 1150 307 1214 tudinem
338 1149 452 1231 perditi
476 1148 571 1212 animi
593 1149 795 1230 persuasione
819 1149 982 1233 deprensi:
1011 1153 1187 1216 nostrorum
1209 1151 1300 1216 nide-

166 1257 243 1321 licet
268 1255 408 1320 iudicum
437 1254 581 1320 socordia
607 1255 717 1334 fretus,
737 1255 791 1336 qui
813 1255 954 1337 priuatae
982 1257 1100 1340 gratiae
1123 1257 1300 1340 imperialia

167 1365 331 1448 praecepta
350 1361 525 1426 condonant
544 1363 576 1425 et
596 1361 789 1444 religionem,
814 1380 908 1444 quam
931 1381 988 1427 nos
1011 1363 1078 1427 iure
1100 1381 1299 1441 ueneremur,
1320 1388 1348 1426 ro

168 1468 242 1551 quia
264 1468 406 1533 ‘fortasse
438 1467 500 1550 ipsi
532 1467 713 1550 neglegunt,
745 1467 913 1549 inquietari
944 1468 1099 1551 patienter
1130 1469 1299 1552 accipiunt.

125 1575 144 1637 8
169 1573 360 1640 Claudianus
388 1573 484 1638 etiam
512 1573 549 1637 ab
578 1573 638 1650 his,
667 1573 720 1656 qui
747 1576 853 1638 contra
880 1573 987 1638 diuina
1013 1577 1181 1656 praecepta
1206 1575 1301 1639 initia

168 1679 328 1765 religionis
346 1680 532 1757 instaurant,
552 1680 590 1743 ab
614 1679 675 1757 his,
699 1679 836 1761 inquam,
861 1699 939 1762 quos
964 1680 1074 1763 expelli
1094 1681 1300 1759 iusseramus,

170 1787 300 1865 accitus,
328 1786 418 1869 qnasi
444 1804 553 1869 parum
582 1785 728 1850 facinoris
757 1804 925 1870 aggressus
954 1789 1048 1863 esset,
1078 1785 1163 1851 siin
1191 1785 1302 1850 Africa

168 1891 369 1974 perstitisset,
387 1892 504 1957 Romae
525 1911 593 1956 sese
613 1892 731 1957 dicitur
745 1891 908 1956 intimasse
931 1891 1093 1973 falsusque
1116 1893 1302 1974 praeceptor
1322 1917 1348 1957 ss

169 1997 222 2061 uel
241 1999 380 2080 expertes
399 1995 502 2061 adhuc
526 1995 617 2062 deuio
640 1997 802 2078 profanare
825 1995 973 2079 mysterio
996 1996 1050 2060 uel
1071 1995 1135 2060 iam
1157 1996 1300 2062 initiatos

170 2122 205 2166 ex
231 2102 352 2187 integro
380 2102 491 2167 nititur
517 2102 636 2187 flagitio
664 2102 779 2168 maiore
807 2119 1012 2184 corrumpere,
1037 2119 1108 2166 cum
1136 2102 1300 2186 religionis

170 2207 387 2274 sanctissimae
420 2208 616 2291 disciplinam
650 2226 710 2274 non
743 2209 887 2273 cumulet·
911 2207 1036 2273 iteratio
1070 2207 1126 2272 sed
1166 2210 1300 2274 euertat.

171 2333 263 2398 quem
283 2333 340 2380 nos
359 2314 565 2380 Claudianum
585 2313 738 2380 dissimili
750 2333 851 2398 poena
878 2333 913 2378 ac
936 2313 1052 2378 meruit
1074 2316 1301 2397 persequentes

170 2424 309 2503 repetere
341 2419 556 2486 tantummodo
589 2420 723 2504 patriam
754 2421 906 2485 hactenus
939 2422 1096 2486 commota
1132 2420 1351 2488 seueritatem

170 2527 396 2609 praecepimus.
415 2526 476 2591 sed
492 2525 627 2591 residere
646 2527 824 2591 etiamnunc
844 2525 958 2590 dicitur
974 2525 1198 2607 imperitosque
1218 2525 1304 2590 solli-

174 2632 274 2697 citans
298 2636 331 2697 et
354 2650 444 2697 cassa
465 2632 591 2697 nomina
612 2631 755 2696 mercede
774 2631 959 2714 conquirens
978 2631 1081 2714 perdit
1099 2631 1219 2695 animas
1239 2650 1304 2696 cor-

130 2744 149 2805 9
173 2756 285 2819 porum
302 2739 545 2822 redemptorum.
600 2738 672 2802 hinc
691 2737 739 2803 illi
755 2737 962 2802 insectatores
982 2737 1198 2801 sanctissimae
1218 2737 1304 2801 sedis

210 2964 224 3015 1
244 2978 320 3032 porro
344 2962 379 3017 V:
398 2963 518 3032 protinus
537 2962 605 3017 Bor.
660 2961 676 3014 2
694 2962 851 3031 poteolanus
870 2961 897 3014 V
946 2965 1088 3032 postquam
1106 2962 1305 3016 damnationem

174 3054 247 3105 recto
264 3052 359 3122 Meyer
434 3053 450 3106 3
470 3069 500 3106 ac
518 3066 568 3106 om.
587 3050 657 3105 Bor.
732 3052 751 3103 4
768 3049 888 3120 improba
907 3049 1051 3103 offensione
1074 3049 1113 3104 V:
1131 3051 1159 3103 in
1177 3066 1304 3120 progres-

175 3141 249 3194 sione
267 3141 336 3195 Bor.
399 3141 416 3194 ὃ
440 3133 563 3209 quintum
585 3139 715 3193 decimum
738 3136 773 3193 V:
797 3139 919 3208 quintum
938 3136 1043 3191 demurn
1061 3137 1179 3192 Bloadcl
1199 3138 1255 3204 (Dc
1274 3138 1305 3191 lc

173 3228 315 3298 princcutd
330 3244 362 3283 ea
381 3227 486 3298 l'eplisc,
504 3231 584 3292 1641,
598 3243 629 3296 p.
648 3231 716 3294 194)
735 3227 769 3295 cf.
792 3226 871 3280 Cone.
890 3226 969 3281 Rom.
984 3244 1013 3294 p.
1036 3229 1082 3293 83,
1097 3230 1115 3279 4
1133 3226 1186 3293 (cd.
1206 3226 1304 3294 Sirm.)

175 3316 329 3371 Florentius
338 3316 504 3370 Puteolanus
513 3319 688 3386 posteaquam
701 3314 820 3369 deiectus
834 3317 891 3368 est.
904 3316 981 3383 .post
995 3319 1098 3367 sertum
1112 3330 1210 3366 annum
1219 3315 1305 3384 repsit

178 3403 212 3458 ad
225 3405 372 3469 ciuitatem,
385 3405 475 3459 tenuit
488 3404 635 3468 ecclesiam,
649 3404 747 3457 multas
760 3404 787 3457 in
802 3401 899 3472 oppido
912 3402 1070 3468 Puteolano,
1080 3402 1113 3454 de
1123 3417 1175 3472 quo
1185 3401 1304 3456 deiectus

176 3494 271 3555 fuerat
288 3493 433 3546 seditiones
448 3492 594 3546 insolentia
607 3492 763 3553 concitauit;
780 3490 979 3546 reocmbcadum
994 3490 1103 3543 uidetur
1120 3492 1182 3558 post
1197 3477 1242 3544 Vl.
1258 3507 1304 3544 an-

177 3597 249 3646 uum,
263 3587 294 3635 ut
306 3581 345 3635 VI
358 3581 468 3636 librarii
485 3596 573 3636 errore
586 3581 683 3635 11111111
693 3581 724 3633 iu
737 3580 786 3634 VX
822 3581 922 3632 dextr.
936 3578 1104 3646 'fuerattrop⁸
1118 3576 1188 3633 Bar.
1243 3595 1304 3632 con·

179 3671 328 3740 gressiones
344 3670 413 3726 Bar.
499 3669 533 3724 10
550 3669 679 3739 religione
701 3667 733 3734 V,
752 3668 906 3724 cora-Bor.
993 3667 1023 3720 11
1049 3666 1113 3736 quia
1133 3666 1305 3736 Petaclscm'p:

180 3760 226 3829 qui
249 3759 280 3824 V,
300 3774 379 3828 qnam
396 3758 465 3812 Bar.
538 3757 670 3829 accipiant
686 3756 717 3822 V,
736 3772 804 3812 corr.
822 3756 891 3812 Bor.
946 3756 979 3809 12
997 3754 1076 3808 initia
1098 3754 1131 3809 V:
1148 3754 1218 3807 uitia
1234 3753 1304 3808 Bor.

182 3849 214 3902 13
231 3848 365 3902 instaurat
386 3847 423 3911 V,
437 3862 505 3903 corr.
523 3845 593 3900 Bar.
675 3846 708 3900 14
727 3845 817 3900 affrica
838 3845 864 3898 V
943 3844 976 3897 15
994 3843 1143 3897 insinuasse
1166 3841 1307 3896 0111111

180 3953 264 4008 scorp.
307 3937 340 3991 18
358 3935 501 4007 disciplina
522 3933 553 4000 V,
572 3951 640 3989 corr.
657 3934 727 3988 Bor.
799 3949 826 3988 se
846 3933 969 3988 deuertat
990 3930 1022 3996 V,
1042 3945 1110 3985 corr.
1129 3928 1156 3983 0²
1193 3931 1225 3984 19
1243 3947 1303 3999 pro-

181 4027 322 4095 sequentes
340 4025 410 4079 Bor.
464 4021 498 4076 20
516 4026 618 4077 remota
634 4022 715 4087 Bor,
733 4024 864 4075 summota
880 4019 982 4089 Meyer,
1000 4025 1110 4086 aterque
1132 4019 1222 4071 minue
1242 4023 1306 4085 opta

181 4112 213 4166 21
241 4112 379 4184 imperitos
407 4109 555 4165 sollicitans
584 4113 611 4164 et
638 4125 740 4164 cassam
766 4109 871 4163 omnino
897 4107 1045 4161 mercedem
1071 4106 1208 4175 requirens
1235 4104 1302 4157 Bar.
