2904 4672
579 243 665 313 Epist.
684 242 821 306 auxum
839 244 954 300 44-50.
1264 245 1329 310 243

642 439 802 515 Capitulum
826 441 891 500 vn.
1340 421 1387 499 48

246 561 353 622 Dicant
374 562 462 636 igitur
484 563 568 621 nobis
591 563 716 623 omnium
739 564 960 638 sapientissimi:
984 564 1009 623 si
1032 583 1083 639 pro
1106 582 1193 624 sensu
1216 565 1330 625 domino

201 651 399 726 Christo-qui
423 654 467 710 est
488 653 644 711 seeundum
668 669 792 728 carnem,
817 653 908 712 deitas
925 653 1004 714 facta
1022 656 1107 726 esset,
1127 653 1202 713 sicut
1220 653 1328 726 dicunt,

202 740 272 814 quid
295 740 388 800 sancti
410 739 528 815 spiritus
552 742 753 816 cooperatione
777 743 906 803 adhaec
930 743 1059 802 Christus
1081 743 1250 818 indigebat?
1277 760 1330 802 nec

166 829 278 895 sonim
306 821 447 905 unigeniti
475 831 567 889 deitas
594 831 697 905 spiritu
723 832 872 906 indigebat
898 833 935 891 ad
963 832 1204 902 iustificationern,
1229 832 1330 906 spiritu

152 955 154 964 ·
201 919 353 994 indigebat
379 921 415 978 ad
442 919 615 981 uincendum
628 953 629 958 κ
643 920 796 991 diabolum,
824 921 927 996 spiritu
953 921 1104 995 indigebat
1126 921 1162 979 ad
1186 923 1331 995 operanda

202 1008 349 1082 miracula,
373 1008 477 1082 spiritu
499 1009 649 1084 indigebat
671 1010 703 1067 nt
725 1010 874 1069 doceretur
897 1028 931 1070 ea
953 1028 1025 1085 quae
1045 1011 1166 1069 decebat
1183 1027 1329 1085 peragere,

202 1097 305 1171 spiritu
332 1097 490 1172 indigebat,
518 1101 550 1157 ut
576 1098 765 1158 inmaculatus
793 1102 952 1173 appareret.
1021 1099 1045 1157 si
1073 1099 1147 1157 enim
1170 1105 1222 1173 pro
1245 1091 1382 1159 sensn49

203 1185 318 1260 quidem
349 1187 451 1258 deitas,
484 1187 646 1246 sufficiebat
676 1189 769 1246 autem
802 1189 838 1252 ad
871 1188 966 1247 omnia
993 1187 1054 1247 eins
1081 1189 1183 1258 uirtus,
1213 1205 1330 1252 necesse

156 1293 181 1331 ιο
203 1278 265 1334 erat
291 1275 357 1334 inde
387 1276 482 1336 emnia
508 1276 579 1348 deri,
602 1279 635 1335 ut
657 1276 801 1351 superflua
824 1280 901 1335 esset
923 1275 1016 1336 saneti
1039 1277 1157 1350 spiritns
1179 1273 1329 1338 habitatio.

203 1365 1330 1442 mhmwmmmwfflmmmmmmmmmmm-

202 1445 288 1512 ritum
316 1457 344 1512 et
372 1456 408 1512 ad
437 1455 532 1514 omnia
558 1454 703 1514 adiutasse
730 1454 878 1529 proposita
906 1457 935 1513 et
961 1455 1120 1514 doctrinam
1147 1454 1214 1513 inde
1236 1456 1329 1530 ipsum

203 1542 1330 1617 mmmemwmmoMmMmmffiemffimmffletme

202 1632 406 1691 inmaculatum
429 1633 535 1692 factum
560 1650 632 1691 esse.

156 1789 183 1828 m
246 1767 281 1831 In
305 1787 400 1851 supra
422 1769 537 1851 scripto
562 1768 694 1851 septimo
719 1769 855 1851 capitulo
879 1770 938 1834 hoc
958 1769 1020 1835 dici
1037 1769 1239 1854 intellegitur,
1260 1769 1383 1850 quia50

146 1882 148 1886 “
203 1877 239 1938 ut
267 1874 360 1938 ceteri
388 1873 529 1940 homines
557 1875 596 1940 ad
621 1875 875 1940 iustificationem
903 1895 991 1941 snam
1019 1879 1051 1940 et
1077 1876 1116 1941 ad
1143 1875 1330 1942 uincendum

204 1980 362 2045 diabolum
390 1980 487 2045 etad
515 1981 667 2065 operanda
694 1981 845 2047 miracula
872 1984 903 2047 ot
929 1985 966 2046 nt
993 1982 1156 2049 doceretur
1182 1993 1330 2065 eaquae

161 2075 163 2078 ’
203 2086 333 2151 decebat
360 2105 432 2154 eum
458 2106 560 2172 agere,
590 2091 621 2152 ot
647 2091 684 2152 ut
710 2088 918 2154 inmaculatus
947 2092 1117 2176 appareret,
1140 2075 1331 2155 habitatione
1395 2175 1397 2178 Ι

202 2192 302 2256 sancti
325 2192 455 2275 spiritus
479 2193 620 2278 eguisset
642 2197 674 2260 et
696 2194 764 2276 ipso
789 2194 900 2278 spiritu
920 2215 992 2260 eum
1011 2195 1050 2260 ad
1068 2194 1171 2260 omnia
1189 2195 1329 2259 adiutum

154 2322 183 2361 ao
202 2297 301 2362 tuisse
328 2299 498 2382 proposita.
527 2295 717 2383 quicumque
746 2321 818 2387 ergo
845 2301 921 2367 haec
947 2300 993 2366 ita
1016 2301 1098 2385 sapit
1121 2301 1211 2366 docet
1233 2300 1331 2365 credit

204 2408 259 2468 aut
281 2405 440 2486 praedicat
464 2408 495 2470 et
514 2424 573 2469 non
593 2426 650 2471 sua
669 2407 784 2472 deitate
804 2407 963 2474 Christum
982 2411 1091 2490 utpote
1109 2426 1219 2472 uerum
1238 2407 1329 2470 deum

203 2510 307 2576 omnia
335 2514 495 2592 operatum
518 2512 617 2577 fuisse
641 2532 720 2596 quae
743 2514 847 2579 uoluit
869 2516 900 2579 et
924 2515 1043 2598 operari
1065 2533 1144 2603 quae
1167 2515 1254 2579 uolet
1276 2513 1336 2578 sed.
1442 2573 1444 2576 Α

202 2619 361 2696 tamquam
398 2639 512 2700 punam
550 2619 706 2684 hominem
744 2620 844 2685 sancti
880 2621 1008 2703 spiritus
1046 2620 1171 2705 eguisse
1208 2620 1330 2696 solatio,

202 2722 366 2787 anathema
388 2724 439 2788 sit.

294 2915 305 2967 l
327 2913 391 2984 Cap.
410 2915 462 2968 VH
481 2940 514 2962 =
534 2915 592 2970 Aet.
613 2916 674 2986 Syn.
695 2918 719 2981 7,
738 2916 784 2971 nbi
803 2916 852 2975 ‘Et
868 2923 930 2985 poet
949 2917 1017 2971 oiia'
1036 2918 1162 2989 praefigit
1183 2917 1206 2973 O

238 3054 254 3105 2
273 3052 365 3107 dicant
382 3055 507 3123 igitur..
523 3055 539 3108 8
558 3058 699 3126 appareret
717 3057 808 3124 adfert
820 3057 951 3126 Pelagius
965 3057 983 3111 t.
997 3073 1018 3111 c.
1033 3075 1064 3126 p.
1078 3060 1136 3112 442
1172 3056 1288 3112 3sactus
1307 3056 1333 3110 V

202 3140 220 3194 8
238 3139 415 3194 inmaculatus
432 3158 472 3206 ¹ero
494 3143 669 3198 inmaculatos
691 3143 723 3196 0¹
746 3161 819 3198 man.
839 3147 867 3210 2,
886 3144 1043 3198 immaculus
1065 3142 1100 3199 0²
1189 3145 1219 3199 ll
1243 3144 1329 3215 ipsum

202 3228 328 3297 spiritum
352 3228 378 3282 V
448 3231 480 3284 12
500 3231 635 3285 adiutassc
659 3231 770 3287 VC¹C³:
789 3231 930 3286 adiouassc
952 3232 987 3287 Οἳ
1058 3234 1090 3288 18
1107 3233 1275 3289 habitatione
1298 3233 1329 3298 V,

202 3331 271 3370 coru.
290 3317 358 3371 Bor.
415 3319 447 3371 19
467 3319 572 3388 eguisse
592 3317 619 3370 0²
671 3321 702 3373 21
724 3337 772 3374 sna
791 3334 817 3375 e:
837 3337 868 3374 su
892 3321 917 3372 V
