2904 4672
121 251 222 316 LXVI
273 310 287 339 a
538 255 823 327 Prolcgomena.

121 443 272 510 lectiones
303 446 335 510 in
367 446 500 513 editione
530 451 634 514 textus
665 449 887 519 Graecisms
918 456 1055 522 uersioni
1077 459 1244 528 Latinaea

13 626 19 642 „
122 550 248 635 regione
271 551 406 636 adpositi
427 554 563 636 reperiri,
597 575 668 620 cnm
701 557 795 623 etiam
827 559 866 638 ei,
899 580 978 644 quos
1006 581 1064 646 ego
1087 583 1148 629 non
1172 575 1244 634 c'on-

121 656 192 735 tuli,
216 657 328 723 aetatis
351 659 415 723 siut
434 660 511 725 satis
529 662 721 727 recentioris.
741 664 861 731 accedit
882 667 964 751 quod
984 666 1133 735 Ountzius
1151 691 1187 738 so
1204 673 1244 738 ad

123 762 246 828 concilii
286 764 538 848 subscriptiones,
579 787 658 849 quae
699 769 765 834 sola
804 771 922 836 familia
961 773 989 837 Y
1029 774 1242 858 adtenuantur,

123 868 356 935 constituendas
397 871 474 935 satis
512 872 658 938 habuisse
695 874 838 942 adfirmat
868 856 1043 944 excussisse
1074 900 1162 948 meos
1194 904 1243 950 co·

125 974 209 1041 dicos
232 995 294 1041 ceo.

165 1081 297 1147 Eisdem*
314 1081 484 1158 codicibus,
508 1084 622 1165 quibus
645 1085 850 1169 epistularum
874 1089 1002 1154 71—78
1025 1093 1128 1157 textus
1149 1093 1241 1160 Grae·

123 1207 178 1254 cus
202 1189 371 1273 originalis,
394 1188 483 1254 nobis
505 1188 620 1254 tradita
642 1193 691 1258 est
714 1192 841 1277 antiqua
858 1195 961 1260 uersio
982 1194 1101 1262 Graeca
1123 1200 1242 1283 epistu-

121 1294 223 1358 larum
252 1294 437 1359 Hormisdae
468 1295 529 1358 140
560 1297 592 1360 et
621 1296 694 1362 237.
722 1299 852 1381 utraque
880 1299 961 1366 enim
983 1302 1116 1368 recitata
1138 1307 1189 1370 est
1210 1306 1242 1372 in

122 1399 253 1465 concilio
284 1400 420 1484 generali
451 1419 477 1464 a.
512 1402 575 1465 536
612 1399 879 1487 Constantinopoli
915 1409 1022 1471 oontm
1056 1408 1242 1476 Anthimum

121 1505 238 1584 habito,
262 1505 352 1571 cuius
375 1506 498 1571 concilii
521 1510 592 1571 acta
612 1508 702 1573 nobis
726 1513 850 1575 seruata
872 1515 946 1577 sunt
967 1512 1075 1578 eadem
1097 1514 1154 1579 illa
1176 1516 1239 1580 col·

121 1612 254 1677 lectione
285 1611 325 1676 ad
352 1631 401 1677 res
436 1613 724 1697 monophysitarum
760 1617 941 1699 pertinente.
978 1638 1040 1701 qua
1075 1619 1113 1685 de
1143 1641 1177 1686 rs
1209 1621 1240 1686 in

120 1718 198 1802 ipsis
229 1718 307 1783 uotis
339 1722 498 1783 narrantur
528 1719 618 1784 haec:
652 1717 679 1783 οἱ
709 1717 864 1801 ἁγιώτατοι
886 1720 1038 1788 ἐπίσκοποι
1068 1735 1165 1810 μτρών
1187 1733 1240 1810 της

122 1821 247 1894 Ἰταλίας
277 1825 328 1885 καί
354 1819 382 1884 οἱ
418 1817 626 1908 εὐλαβέστατυι
663 1832 717 1909 τῆς
756 1821 955 1912 ἀποστολικης
992 1829 1146 1914 καθέδρας
1177 1824 1239 1892 διά-

119 1948 202 1992 κονοι
229 1924 318 1990 εἷπον·
351 1925 400 2012 ηὲν
436 1929 509 2009 ποίῳ
538 1929 618 2009 τόπῳ
649 1924 669 2013 ἢ
701 1927 819 2013 ἀριθμίρ
841 1924 971 2014 Σεβηρον
999 1934 1049 1995 καί
1071 1930 1183 2018 Πέτρον
1204 1933 1241 2022 ἥ-

121 2033 157 2117 δη
179 2026 272 2095 πάλαι
301 2041 355 2117 τῆς
386 2028 584 2116 ἀποστολικης
609 2032 760 2115 καθέδρας
788 2025 1021 2119 τοίψηφίσματα
1043 2033 1115 2098 εἶναι
1136 2035 1241 2124 ἐψηφί-

121 2155 220 2219 σαντο,
242 2133 272 2198 ὲν
294 2146 359 2207 ταῖς
387 2132 554 2206 ἐπιστολαῖς
582 2143 634 2198 τοῦ
661 2143 715 2220 τῆς
736 2131 822 2216 ἁγίας
845 2137 963 2222 μνήμης
984 2140 1069 2201 πάντα
1094 2133 1240 2225 Ὁρμίσδα

120 2241 195 2323 πρὸς
217 2241 285 2311 τούς
306 2248 360 2324 τῆς
381 2240 519 2322 δευτέρας
541 2234 649 2322 Συρίας
673 2239 825 2324 μοναχοδς
845 2242 897 2302 καί
917 2242 992 2323 πρὸς
1014 2242 1063 2304 τόν
1085 2247 1239 2328 μακαριώ-

121 2364 205 2406 τατον
228 2340 395 2429 ’serpena
416 2343 524 2426 ταύτης
545 2350 599 2426 της
621 2338 773 2422 βασιλίδος
794 2341 911 2415 πόλεως
933 2341 1163 2430 ἀρχιεπίσκοπον
1186 2347 1239 2432 δη-

120 2447 222 2510 λοῦται
253 2443 390 2530 ωρίσθαι,
412 2442 455 2508 ών
483 2443 603 2532 ἔχοντες
634 2444 663 2508 ἐν
690 2441 795 2528 ἑτοίμῳ
824 2445 876 2530 τὴν
905 2441 1059 2510 αὐθεντίαν
1081 2448 1188 2533 ταύτην
1210 2447 1240 2512 ὲν

121 2560 181 2621 τοῖς
202 2559 344 2632 παροῦσιν
366 2546 570 2634 proprepant
586 2547 749 2632 ὲπιδίδομτν
764 2545 1103 2636 ἀναγνωσθησομένηνα.
1119 2547 1136 2612 b
1151 2548 1241 2632 ἁγιώ-

123 2675 209 2725 τατος
235 2650 464 2738 ἀρχιεσίσκοπος
497 2650 575 2716 εἶπεν
598 2649 906 2734 ,,ἀναγινωοκέσθων“
926 2655 978 2716 καί
999 2650 1109 2734 ἀνέγνω
1131 2651 1240 2749 Μηηᾱς

123 2755 139 2822 b
170 2758 403 2838 θεοσεβέστατος
434 2753 625 2840 ἀναγνώστης
655 2757 707 2819 καί
736 2755 981 2840 σεκουνδυκηριος
1012 2759 1152 2840 νυταρίων
1189 2767 1241 2820 τοῦ
1284 2799 1286 2806 ,

122 2860 318 2925 ἀπυστυλικοῦ
339 2848 449 2945 θρόνου
471 2867 525 2944 της
545 2860 744 2943 πρεσβυτέρας
769 2855 892 2945 Ῥώμης
915 2856 1025 2922 ἐκτῶν
1048 2857 1117 2944 παρ’
1140 2855 1241 2931 αὐτοῖς

123 2965 218 3030 diacos
241 2965 294 3027 δύο
315 2960 488 3047 Ῥωμαίκυὶς
510 2961 667 3037 ἐπιστολὰς
689 2967 851 3050 γραφείσας
873 2958 929 3026 too
948 2957 1107 3047 Ὁρμώσδου
1120 2971 1173 3026 τοῦ
1187 2972 1241 3048 τῆς

125 3067 209 3141 ὁσίας
233 3069 352 3154 μνήμης
372 3070 529 3150 γενομένου
550 3069 635 3130 πάντα
655 3076 709 3153 της
730 3068 928 3151 πρεσβυτέρας
948 3061 1080 3150 Ῥώμης.
1103 3060 1144 3128 ων
1167 3064 1242 3150 μετὰ

122 3176 173 3259 την
196 3165 355 3251 ἀνάγνωσιν
373 3168 577 3256 Χριστορίρυς
591 3168 607 3234 ὁ
622 3166 854 3254 θεοσεβέστατος
876 3169 1013 3239 διάκονος
1034 3170 1169 3252 νοταίριος
1189 3172 1241 3232 καὶ

124 3271 321 3364 σηκρητυίριος
340 3274 392 3358 τὴν
414 3270 568 3359 ἑρμηνείαν
591 3268 710 3355 ἀνέγνω.
732 3271 768 3359 ην
791 3273 823 3335 δὲ
843 3268 863 3357 ἡ
886 3269 1023 3356 ἐπιστολὴ
1046 3270 1094 3334 διοί
1107 3269 1240 3357 Ῥωμαί-

123 3391 183 3446 κών
205 3375 394 3464 γραμμάτων,
417 3374 436 3463 ἡ
460 3379 492 3440 δέ
514 3374 652 3465 ἑρμηνεία
673 3372 766 3462 ubet<
794 3373 833 3440 δι’
852 3374 1033 3460 Ἑλληνικῶν
1061 3379 1241 3462 γραμμάτων

122 3484 189 3572 ἔχει
209 3480 303 3555 οὕτως
316 3483 351 3568 ²).
375 3482 484 3548 deinde
506 3482 648 3565 sequitur
668 3480 831 3567 utriusque
854 3481 1007 3565 epistulae
1025 3481 1127 3546 uersio
1147 3479 1241 3546 Grae-

126 3610 171 3656 ca
186 3609 278 3675 quam
295 3589 420 3674 quidem
438 3589 610 3654 confectam
627 3608 688 3654 non
701 3588 810 3654 multis
825 3588 912 3653 annis
929 3596 1003 3671 post
1018 3587 1104 3670 ipsas
1120 3586 1242 3652 litteras

126 3695 319 3782 conscriptas
340 3698 378 3761 ut
398 3715 454 3779 par
484 3699 534 3764 est
564 3694 702 3760 adhiberi
734 3694 773 3758 ad
802 3694 968 3760 uerborum
994 3692 1176 3757 Latinomm
1197 3695 1241 3756 te-

125 3821 232 3869 norem
254 3804 309 3867 aut
330 3800 556 3866 restituendum
580 3804 635 3866 ant
656 3799 908 3879 confirmandum,
931 3799 977 3864 ita
999 3797 1171 3863 canendum
1195 3799 1243 3862 est

126 3926 165 3973 ne
197 3908 226 3973 ei
256 3907 388 3972 nimium
418 3907 592 3971 tribuamus
622 3905 783 3983 momenti,
812 3925 882 3971 cum
913 3904 1019 3989 negari
1050 3921 1111 3969 non
1142 3902 1244 3986 possit

164 4047 184 4114 ¹)
204 4042 298 4103 Gosob.
318 4046 343 4103 d.
362 4044 615 4117 Quellonoto.1p.
635 4045 695 4101 758.

163 4133 185 4206 ²)
202 4134 297 4199 Manat,
313 4132 415 4190 ¹concil.
433 4130 499 4187 VIII
515 4148 542 4202 p.
562 4130 742 4188 roal-1022.
