2904 4672
609 251 898 324 κρεωοκκιπ-ι
1257 256 1318 320 167

193 447 355 534 ἐκκλησίας
385 451 523 533 ποιμένος
551 447 603 508 καί
629 453 684 508 τῶν
713 440 791 528 αὑτῶ
813 447 912 530 τιμίων
935 439 1133 529 ὑποκειμένων
1155 442 1320 536 έπισκὺπων

193 549 238 625 ὡς
269 553 320 615 καί
349 557 404 613 τῶν
437 545 530 614 αὑτῶν
564 549 605 634 μη
628 547 851 634 οὶνασχομένων
878 559 955 621 (τῶν
983 556 1065 628 σῶν.)
1090 543 1318 641 ὑπομνημάτων.

193 653 243 720 ὑτέ
257 659 317 741 μέν
338 657 395 739 γὰρ
417 652 492 742 έφης
513 653 618 738 τριάδα
640 652 676 716 δι’
692 649 774 739 ἡμᾶς
796 656 1007 740 σταυρωθηναι
1026 649 1161 742 καί-οὑχί
1182 651 1317 739 Χριστὸν,
1345 652 1365 715 5

192 757 242 824 ὑτέ
265 760 298 824 δὲ
318 761 351 823 τὺ
373 756 523 822 ἀθάνατον
544 763 657 842 πνεῦμα
685 755 874 843 μανιχοίὺίων,
897 754 945 822 ὑτέ
976 758 1009 822 δέ
1036 756 1070 822 έκ
1090 760 1199 823 τοὺτων
1222 759 1320 849 φυγῶν

159 863 497 946 ῡδιακατελεγχάμενος
525 855 580 924 ὑπὸ
604 862 664 937 ’τῶν
693 859 769 946 ἐμῶν
797 856 956 947 ὑποθηκῶν
990 867 1042 927 καί
1070 865 1167 944 λέγων
1195 859 1320 947 Χριστὺν

193 969 269 1052 μετὰ
289 968 321 1029 τὺ
345 962 495 1030 ἀθάνατον
516 973 629 1050 πνεῦμα
651 962 754 1038 ἔλεξας
768 953 1035 1052 ,ὑπομεμενηκέναι
1061 967 1216 1038 τὸπάθος
1239 963 1281 1053 ὣς
1303 961 1320 1028 ὑ

192 1069 385 1155 Σαμοσατεὺς
405 1073 457 1133 καί
470 1065 632 1154 Νεστὺριος
651 1071 700 1132 τόν
721 1067 773 1132 ένα
795 1067 856 1134 υἱὺν
878 1071 1046 1157 διχάέυντες
1069 1069 1111 1143 εἰς
1131 1066 1229 1134 δυάδα
1243 1067 1320 1147 υἱῶν,

192 1171 242 1238 ὑτέ
268 1175 301 1261 δέ
325 1176 377 1237 καί
403 1170 449 1236 έπὶ
476 1175 569 1256 τοὺτιρ
597 1170 676 1246 εἴξας
707 1172 746 1258 μη
779 1173 974 1255 διασὺρεσθοιι
999 1171 1073 1261 ηκες
1095 1173 1141 1240 έπὶ
1161 1176 1195 1238 τὸ
1215 1177 1320 1237 κάκιον
1344 1165 1363 1228 6

191 1275 226 1342 τὸ
248 1281 295 1342 τῶν
318 1278 492 1365 χερουβικὺν
514 1273 604 1362 ὑμνον
627 1271 797 1361 εὑπαρέδρῳ
818 1280 919 1362 τράμιρ
943 1273 1156 1352 ἀνενδοιάστως
1177 1275 1321 1350 ὡσαύτως
1404 1356 1406 1361 ⁴

147 1398 174 1438 ιν
190 1383 244 1468 τὴν
265 1382 369 1466 τριάδα
392 1381 431 1467 μη
454 1381 620 1462 δυέολογείν
642 1376 722 1443 ἀλλὰ
742 1383 791 1444 τὸν
813 1375 906 1463 πάντα
925 1377 1015 1466 ὑμνον
1036 1380 1079 1456 εὶς
1092 1371 1141 1446 τὺν
1156 1379 1217 1447 υἱὺν
1233 1378 1320 1466 ἄγειν,

193 1484 308 1551 έθέλων
335 1484 538 1572 ἐνστήσασθαι
564 1484 600 1571 ἣν
627 1487 705 1552 κατὰ
726 1495 783 1549 τῶν
807 1482 927 1550 ἀκάκων
954 1483 1111 1571 έξηνεγκοις
1132 1494 1229 1572 νομῆς
1249 1487 1321 1566 γάγ-

191 1610 312 1676 γραιναν
340 1594 391 1656 καί
416 1595 564 1662 παντοίαις
587 1587 720 1652 ἐντεῦθεν
742 1586 885 1670 ἀγχὺναις·
905 1587 1045 1675 αἱρέσεων
1074 1593 1218 1676 μεγίστως
1239 1611 1320 1676 περι-

191 1697 433 1780 κμημνιζὺμενος,
458 1691 581 1757 ἐκνεὺων
604 1701 658 1778 της
679 1689 827 1779 ἀληθείας
848 1701 899 1757 τοῦ
921 1696 971 1761 τὸν
1000 1691 1125 1778 Χριστὸν
1149 1694 1189 1779 μη
1212 1696 1320 1779 κηρὺτ-

192 1819 249 1862 τειν
276 1796 314 1861 δι’
340 1794 423 1884 ἡμᾶς
454 1799 663 1882 σταυρωθέντα
691 1792 740 1859 τὺν
771 1806 913 1883 μονογενῆ
941 1783 993 1861 τοὺ
1021 1799 1095 1862 θεοῦ
1117 1796 1187 1877 Ιυἱὺν
1213 1801 1262 1862 τὺν
1291 1795 1320 1862 έν

147 1916 175 1961 ιο
194 1907 276 1991 μέσῳ
299 1903 409 1986 πατρὸς
429 1903 482 1964 καί
502 1897 585 1980 ἁγίου
607 1901 773 1984 πνεύματος
795 1897 921 1976 εὑσεέῶς
938 1900 1195 1985 δοξολογοὺμενον.
1217 1905 1244 1965 τί
1265 1905 1320 1987 γάρ
1345 1890 1363 1952 7

192 2008 296 2070 τοὺτυυ
320 2003 631 2088 ἀπαγορευτικῶτερον,
653 2006 764 2087 πατρὸς
786 2003 855 2090 παρ’
879 1999 958 2089 ὑμῶν
979 2007 1030 2068 καί
1052 2002 1322 2090 άγίουπνεὺματος

192 2108 393 2193 ἀδοξουμένυυ
419 2109 472 2171 καί
498 2113 694 2196 συκοφαντίαν
721 2120 783 2181 τοῖς
805 2107 935 2196 σεραφίμ
956 2103 1035 2193 ὑμῶν
1057 2112 1319 2195 παρεισφερὺντων,
1427 2152 1428 2155 =

193 2211 237 2278 ὑτι
258 2208 293 2277 οὑ
315 2213 366 2296 την
383 2211 488 2297 τριάδα
503 2215 651 2300 φάσκουσι
665 2213 830 2293 δοξολογεῖν
847 2210 968 2294 ,,ἅγιος
987 2209 1089 2294 άγιυς
1104 2210 1226 2295 ὑγιοςα
1240 2210 1320 2278 ἀλλά

176 2318 435 2402 ,μονοπροσῶπως
461 2316 510 2379 τὺν
536 2312 614 2394 υἱὺν;
643 2319 694 2379 καὶ
720 2321 791 2380 ποία
821 2316 1020 2403 φαραγγώδης
1052 2314 1192 2402 αἱρέσεων
1225 2313 1320 2389 οὑτως

145 2441 175 2483 ευ
193 2420 463 2507 ἀπηναισχύντηκεν
493 2417 535 2492 ὑις
564 2414 664 2506 ὑμεῖς
690 2422 765 2507 πλὴν
792 2423 844 2485 καὶ
870 2418 900 2484 ἐν
929 2423 1021 2505 τούτῳ
1055 2421 1258 2507 διατρέχοντες
1280 2418 1362 2489 έτι8

191 2527 369 2608 καινοτέρως
391 2521 512 2610 ἐπέβητε
533 2535 597 2597 ταῖς
620 2525 868 2609 στραγγαλιῶδεσι
883 2533 937 2588 τῶν
955 2519 1014 2588 ὑπὸΙ
1026 2511 1101 2588 θεοὺ
1116 2522 1318 2608 ἀπειπαμένων

193 2629 373 2715 δυσφημιῶν·
396 2629 445 2690 τὺν
468 2623 529 2690 υἱὺν
551 2632 664 2714 πατέρα
677 2632 729 2692 καὶ
745 2625 824 2708 ἅγιον
839 2623 954 2714 πνειίμα
975 2628 1110 2715 λέγοντες
1131 2627 1317 2704 σαβελλιανί-

193 2735 292 2806 ζυντες
316 2733 369 2796 καὶ
395 2729 578 2818 συναλείφειν
606 2735 752 2816 κρίνοντες
780 2730 831 2817 την
859 2725 964 2815 τριάδα
997 2727 1152 2815 ὑμολὺγως
1189 2727 1318 2816 ἀπηρτη-

193 2837 307 2922 σασθε,
341 2834 382 2909 είς
406 2834 444 2922 ἣν
471 2831 688 2921 ἐβαπτίσθημεν
721 2839 772 2900 καί
811 2837 982 2919 πιστεύομεν
1020 2838 1070 2898 καί
1104 2831 1317 2920 ὁμολογοῦμεν.

143 2963 174 3004 ει
191 2943 237 3014 τίς
258 2935 309 3004 οὑν
339 2934 395 3005 οὑκ
425 2936 601 3024 ἀπυδὺρεται
629 2940 699 3012 τοὺς
722 2935 798 3003 οὑτω
821 2935 989 3026 φάσκοντας
1011 2941 1086 3024 περὶ·
1096 2946 1147 3001 τοῦ
1169 2943 1317 3025 τρισαγίου
1341 2940 1361 3002 9

230 3131 243 3184 l
263 3134 328 3200 poet
351 3127 523 3200 ὑποκειμένων
546 3129 610 3183 aad.
637 3126 758 3200 ὑπερορία
780 3146 803 3191 ε,
826 3125 955 3198 περιορίαν
973 3146 999 3198 g,
1023 3127 1120 3199 περιορί
1136 3129 1155 3184 h
1173 3125 1317 3200 (περιρρέων

191 3218 305 3285 Bittius)
350 3215 421 3280 2ὑις
440 3233 486 3271 σοι
503 3232 554 3272 σαι.
573 3216 626 3287 agh
698 3215 880 3288 ἀνασχομένων
898 3216 1008 3285 scripsi:
1026 3214 1194 3289 ἀνασχομένω
1213 3233 1237 3281 ε,
1258 3215 1318 3270 ἀνα-

192 3304 319 3377 σχόμενον
337 3320 378 3372 ου,
396 3301 573 3376 ἀνασχόμενος
591 3304 636 3375 gh,
650 3301 827 3375 ἀνασχομένου
835 3303 942 3359 Fronto
953 3303 1130 3359 1)ιεαπῶν
1149 3310 1201 3357 τῶν
1220 3304 1319 3375 addidi

191 3391 270 3447 3ὑτε
289 3408 320 3446 ου
385 3389 507 3470 wath,
526 3391 569 3445 ὑτε
587 3409 618 3447 ου
679 3390 722 3444 ὑτε
740 3409 772 3446 ου
825 3390 954 3464 διαφυγὼν
972 3408 1003 3446 ου
1057 3387 1317 3464 ὑδιακατελεγχόμε-

191 3499 237 3543 νος
257 3496 301 3534 σοι
320 3477 351 3533 δι’
370 3476 387 3531 ἃ
403 3475 620 3552 κατελιγχὺμενοξ
645 3479 698 3552 agh
808 3479 870 3536 6τὺ
894 3478 980 3546 πάθος
998 3479 1035 3542 ὡς
1054 3475 1253 3550 ὑ...Νεστὺριος
1272 3496 1316 3534 eo:

192 3569 231 3631 ῶς
249 3565 448 3638 ὁ..Νεοτάριος
466 3564 494 3618 τὸ
513 3564 599 3630 πάθος
618 3567 670 3639 agh
735 3568 752 3623 8
771 3567 813 3622 ὑτέ
830 3568 940 3637 scripsi:
957 3567 999 3621 έτε
1019 3567 1113 3638 mogh,
1132 3568 1173 3622 ὑτι
1189 3568 1318 3636 &pressit

190 3659 322 3725 interpres
380 3653 407 3707 δέ
426 3672 470 3710 σοι
489 3672 540 3710 om.
559 3656 613 3735 agh
664 3655 747 3710 τοὺτω
766 3673 811 3712 eo:
828 3662 903 3710 τοῦτο
922 3656 976 3727 agh
1034 3649 1103 3720 εἷξας
1121 3655 1158 3727 gh
1195 3652 1316 3728 10.ἄγειν

192 3744 264 3815 agh÷
278 3742 359 3815 λέγειν
378 3761 408 3798 σο
451 3745 481 3820 11
494 3750 583 3816 ’νομῆς
602 3745 700 3815 aeogh:
717 3743 823 3817 γνώμης
842 3745 971 3815 expressit
986 3745 1118 3814 interpres
1155 3745 1187 3800 15
1202 3741 1316 3811 εὐσεβῶς

191 3849 243 3888 om.
263 3850 279 3886 ε
333 3832 365 3886 16
382 3831 457 3904 ἡμῶν
476 3850 495 3903 g
547 3832 582 3887 20
601 3831 838 3906 ὰπηνοιισχὺντηοέν
857 3850 905 3888 τοο
