2904 4672
46 394 108 458 179

49 1145 111 1208 180

50 1780 110 1843 181

134 207 198 270 280
403 202 499 272 Uigilii
518 203 695 255 constitutum
715 201 747 256 tle
765 202 852 256 tribus
872 203 996 272 capitulis

558 393 719 467 Capitulum
741 395 834 456 unu.

180 516 375 576 Oonsouantia
402 517 431 574 et
457 515 604 590 apostolus
632 517 716 575 dicit:
750 520 783 575 et
809 517 996 577 manifeste
1023 537 1182 595 magnum
1207 526 1258 582 ‘est

133 604 285 680 pietatis
303 605 520 678 mysterium:
544 606 601 679 qui
624 605 872 666 manifestatus
896 610 949 665 est
970 607 1005 665 in
1029 625 1143 681 carne,
1162 610 1259 671 iusti·

133 694 269 753 ficatus
293 697 346 752 est
368 692 401 751 in
425 693 562 766 spiritu,
582 693 766 752 iustificatum
786 711 849 752 esse
867 695 897 752 in
916 695 1019 770 spiritu
1038 696 1139 758 <licens
1158 699 1257 772 ipsum,

133 784 194 841 siue
232 783 308 856 quod
344 786 410 840 aute
445 781 619 856 baptismum
655 799 719 840 cum
755 782 913 841 subtilitate
950 788 1131 858 competente
1167 787 1291 860 legemr

135 871 291 931 custodiuit
321 870 383 928 sine
420 871 495 944 quod
531 870 617 929 etiam
658 872 724 943 post
758 870 830 928 illud
866 873 975 946 gratiae
1012 875 1258 935 conuersatiouem

135 958 333 1035 cooperatione
357 959 475 1033 spiritus
498 976 562 1017 cum
584 976 689 1032 magna
713 959 868 1033 compleuit
890 960 1059 1020 subtilitate.

177 1146 213 1209 In
244 1164 337 1227 supra
368 1144 484 1227 scripto
516 1144 773 1229 quinquagesimo
806 1149 915 1227 quarto
944 1147 1081 1229 capitulo
1107 1148 1151 1226 id,
1180 1148 1263 1232 quod

135 1252 297 1333 apostolus
335 1250 428 1314 dicit:
466 1250 567 1331 quod
605 1231 910 1314 manifestatum
946 1256 1009 1316 est
1048 1253 1086 1318 in
1128 1273 1260 1334 carue,

134 1356 414 1420 iustificatum
447 1358 507 1419 est
537 1355 575 1419 in
605 1355 772 1437 spiritu,
801 1354 945 1421 Christus
973 1357 1164 1424 iustificatus
1192 1374 1298 1425 essen

136 1461 293 1540 asseritur,
309 1461 376 1526 siue
392 1460 474 1542 quod
489 1462 559 1524 ante
576 1461 769 1542 baptismum
788 1479 859 1525 cum
878 1462 1053 1528 subtilitate
1072 1465 1263 1548 competenti

135 1569 238 1652 legem
266 1566 452 1632 custodierit
479 1565 546 1629 siue
574 1565 659 1646 qnod
682 1566 776 1630 etiam
798 1571 872 1648 post
892 1567 972 1632 illud
996 1569 1113 1652 gratiae
1137 1590 1264 1636 conuer-

136 1673 288 1738 satiouem
312 1671 527 1753 cooperatione
551 1671 681 1754 spiritus
705 1691 777 1736 curn
799 1691 912 1757 magna
935 1675 1110 1741 subtilitate
1128 1679 1264 1761 comple

136 1779 236 1844 uerit:
259 1797 339 1861 quae
359 1777 456 1842 uerba
478 1776 551 1858 quia
572 1778 649 1840 item
671 1796 785 1860 purum
809 1779 965 1843 hominem
990 1779 1151 1846 Christum
1173 1783 1264 1848 iusti·

136 1885 279 1951 ficatioue
309 1882 434 1968 eguisse
463 1882 685 1959 demonstrant,
715 1882 742 1947 si
770 1884 839 1964 quis
865 1885 911 1950 ita
938 1885 1022 1968 sapit
1048 1886 1139 1952 docet
1167 1888 1266 1956 credit
1281 1907 1303 1949 re

136 1993 192 2054 aut
213 1989 371 2072 praedicat
395 1991 426 2051 et
447 2007 507 2051 nou
530 1987 631 2069 magis
653 1986 758 2069 ipsum
778 1992 903 2053 uiuere
922 1989 1016 2055 deum
1034 1993 1265 2058 cousubstanti-

137 2098 218 2160 alem
253 2094 335 2177 patri
371 2097 404 2158 et
439 2091 562 2176 spiritui
598 2097 706 2158 sancto
738 2093 907 2160 iustificare
938 2096 1053 2180 impios
1084 2117 1140 2181 per
1170 2097 1265 2163 fidem

137 2201 244 2279 credit,
267 2200 431 2265 anathema
453 2198 505 2264 sit.

227 2496 240 2548 l
261 2493 324 2564 Cap.
348 2493 426 2549 LIllI
443 2517 477 2540 =
494 2492 554 2548 Act.
578 2493 640 2562 Syn.
667 2494 715 2547 53:
738 2492 879 2546 ‘Eiusdem
901 2494 948 2560 (sc.
971 2489 1115 2559 Theodori)
1139 2507 1173 2547 αα
1196 2495 1265 2550 otro

134 2583 216 2639 tertio
240 2583 339 2637 decim
363 2582 396 2635 de
416 2580 617 2652 incantatione
639 2580 674 2646 C,·
691 2579 792 2635 Graeca
816 2580 869 2633 fere
890 2579 979 2634 omnia
997 2580 1118 2633 seruauit
1134 2579 1265 2638 Leontius

138 2671 205 2742 (Ser.
228 2676 283 2725 uet.
305 2687 333 2725 u.
356 2687 377 2725 o.
396 2669 589 2736 V1308‚21):
613 2665 642 2731 ὃς
662 2665 818 2739 ἐφανερώθη
837 2665 864 2719 ἓν
883 2667 966 2737 σαρκὶ,
984 2664 1126 2739 ὖδιιαιώῦη
1146 2668 1174 2721 ἓν
1192 2668 1266 2723 crat·

138 2777 206 2832 ματι·
232 2756 415 2811 δεδικαιῶσθαι
436 2755 463 2809 ἐν
486 2754 610 2828 teutpert
630 2754 713 2827 λέγων
736 2753 813 2806 αὐτὸν
837 2751 886 2807 εἴτε
905 2753 941 2818 ὥς
960 2754 1008 2825 πρὸ
1026 2759 1071 2806 τοῦ
1089 2753 1266 2827 βαπτίσματος

139 2846 204 2917 μετὰ
229 2851 277 2914 τῆς
300 2842 482 2916 προσηκούσης
510 2841 640 2914 ἀκριβείας
663 2841 706 2895 τὸν
733 2840 811 2912 νόμον
839 2840 988 2912 φυλάξαντα
1010 2835 1059 2893 εἴτε
1083 2839 1120 2903 ὥς
1142 2841 1188 2894 καὶ
1210 2842 1266 2913 par'

130 2933 219 3009 ¹turino
244 2930 291 3001 τὴν
314 2937 362 3001 τῆς
384 2931 488 3004 χάριτος
512 2927 639 2982 πολιτείαν
657 2933 689 2999 τῇ
708 2935 754 2982 τοῦ
772 2928 916 3000 πνεύματος
934 2925 1067 3000 αανεργείᾳ
1083 2928 1149 2999 μετὰ
1166 2927 1266 3000 πολλῆς

139 3019 285 3092 πληροῦνται
302 3027 350 3090 τῆς
369 3016 507 3090 ἀκριβείας.
561 3019 578 3072 2
597 3020 625 3071 et
642 3018 658 3072 9
677 3017 744 3071 uim.
763 3017 776 3070 l
795 3017 820 3078 3,
841 3017 873 3069 16

173 3194 190 3248 2
217 3193 358 3264 manifeste
381 3194 402 3247 l‘
468 3195 487 3246 4
513 3192 686 3247 iustificatum
709 3190 881 3260 (iustificatos
906 3189 949 3260 θ’)
973 3205 1032 3244 esse
1054 3188 1083 3242 in
1106 3188 1204 3260 spiritu
1229 3189 1266 3244 0.-

140 3298 190 3336 om.
218 3281 244 3336 V
312 3285 328 3337 5
351 3281 514 3352 baptismum
540 3280 629 3348 0(cs.
653 3281 732 3358 infra
755 3295 778 3333 n.
802 3283 857 3345 11):
879 3276 1013 3348 baptisma
1040 3276 1066 3330 V
1137 3278 1172 3332 14
1194 3277 1265 3332 idem

145 3368 176 3455 Y,
195 3384 263 3426 corr.
281 3369 351 3425 Bar.
407 3370 439 3422 16
459 3385 550 3424 uerum
568 3368 637 3422 Bar.
1071 3401 1074 3407 ,
