2904 4672
138 249 201 313 286
408 246 500 314 Uigilii
520 249 694 303 constitutum
715 248 747 302 de
765 248 842 301 tribu.
886 248 994 319 apitulis

136 447 237 512 aliena
278 450 351 511 sunt
388 465 405 509 a
442 464 535 509 sensu
572 442 743 524 scripturae
781 443 914 520 diuinae,
949 447 987 509 ut
1022 443 1154 521 dicatur,
1192 444 1265 527 quia

135 556 299 636 paccatum
326 572 344 616 a
372 552 427 616 deo
456 551 544 614 uobis
572 568 627 632 pro
654 550 792 613 utilitate
819 549 1031 614 introductum
1061 550 1112 627 sit,
1143 549 1263 631 siquis

48 659 109 724 201
134 659 178 723 ita
210 659 292 742 sapit
324 657 415 722 docet
446 656 545 720 credit
576 659 630 719 aut
661 655 829 737 praedicat,
867 656 1029 719 anathema
1067 655 1117 721 sit.
1157 659 1263 721 sancta

134 766 217 828 enim
240 764 394 829 catholica
417 762 550 827 ecclesia
572 763 629 826 hoc
654 765 772 825 certum
795 764 880 826 tenet
903 766 935 826 et
957 762 1064 839 credit,
1089 761 1163 843 quia
1187 761 1262 827 deus

135 875 167 936 et
188 871 382 954 prohibuerit
405 888 422 933 a
444 871 571 951 peccato
595 868 731 950 primum
755 868 911 932 hominem
935 871 966 932 et
987 887 1043 950 per
1065 868 1263 934 inoboedien·
1291 891 1302 928 r

133 978 209 1041 tiam
231 978 412 1060 peccantem
435 975 570 1058 punierit
590 974 672 1039 iusto
698 974 851 1055 supplicio
876 974 930 1038 scd
953 975 1031 1039 bene
1055 977 1147 1038 utens
1167 974 1260 1037 etiam

133 1083 224 1146 malis
260 1082 375 1146 nostris
408 1080 561 1163 singulari
592 1098 648 1143 nos
680 1079 817 1144 remedio
849 1099 903 1162 per
936 1079 1090 1163 unigeniti
1121 1079 1180 1143 filii
1213 1079 1262 1143 sui

131 1186 373 1253 incarnationem
403 1186 580 1268 passionem
612 1189 744 1249 mortem
772 1189 804 1249 et
828 1187 1097 1261 resurrectionem,
1125 1186 1186 1250 hoc
1213 1188 1263 1249 est

133 1290 250 1357 domiui
274 1293 323 1357 dei
342 1292 440 1356 nostri
458 1292 529 1356 Iesu
550 1290 675 1366 Christi,
696 1291 733 1354 ab
754 1291 892 1383 omnium
912 1294 1109 1374 pcccatorum
1129 1291 1261 1356 nexibus

132 1399 287 1463 liberauit.
1211 1413 1213 1416 ·
1279 1423 1300 1461 ιο

44 1506 109 1571 202
176 1505 234 1570 His
257 1506 354 1589 igitur
378 1506 589 1586 competenter
612 1506 643 1568 et
664 1524 719 1586 per
742 1503 928 1568 orthodoxae
950 1502 1022 1567 fidei
1040 1502 1264 1567 aestuarium

133 1611 321 1693 apostolicae
355 1609 526 1676 sententiae
558 1610 742 1674 auctoritate
776 1609 929 1674 damnatis
962 1609 1198 1686 constituimus,
1226 1611 1262 1672 nt

132 1737 168 1781 ex
191 1717 335 1782 omnibus
359 1717 441 1793 istis,
466 1735 543 1798 quae
562 1735 618 1780 nos
637 1721 762 1799 patrum
781 1717 908 1781 statutis
928 1721 1020 1799 atquc
1038 1714 1260 1781 traditionibus

130 1823 325 1887 inhaerentes
349 1823 522 1906 apostolic-a
539 1823 723 1887 auctoritate
744 1823 971 1898 damuanimm,
990 1823 1076 1886 nulla
1094 1820 1261 1886 iniuriaudi

130 1926 349 2011 praecedentes
377 1931 480 2010 patres
503 1929 555 1992 uel
579 1927 720 1992 doctores
745 1927 906 2003 ccclesiae,
930 1947 1009 2010 quac
1032 1929 1141 2010 procul
1166 1927 1260 1992 dubio
1278 1951 1299 1989 u

132 2033 279 2098 scandala
309 2035 522 2098 sacrosanctae
555 2033 704 2098 ecclcsiae
736 2033 877 2111 suscitat,
909 2033 1093 2116 praebeatur
1120 2032 1259 2097 occasio:

133 2140 429 2207 anathematizantes
453 2158 574 2203 omnem
598 2138 637 2203 ad
656 2139 777 2203 ordines
797 2139 1024 2204 ecclesiasticos
1042 2138 1259 2222 pertinentem,

135 2245 189 2328 qui
210 2246 351 2329 patribus
375 2259 468 2328 atquc
491 2245 670 2310 doctoribus
694 2245 842 2310 eeclesiae
867 2246 1085 2311 contumeliam
1108 2264 1143 2309 cx
1167 2264 1261 2328 snpra

136 2351 228 2417 dictis
255 2352 469 2434 impietatibus
499 2371 559 2434 quo
583 2351 674 2416 modo
698 2352 850 2416 ascribere
873 2352 926 2415 uel
948 2352 1088 2434 inrogare
1111 2351 1259 2415 uoluerit.

46 2460 110 2527 203
134 2463 165 2522 et
192 2457 336 2540 quoniam
364 2457 502 2539 praefata
525 2457 681 2541 dogmata,
704 2476 783 2541 quae
806 2457 977 2524 secundum
1000 2457 1197 2522 intellectum
1221 2456 1259 2521 de
1276 2478 1299 2518 ao

133 2565 182 2628 his
205 2563 380 2646 expositum
403 2563 592 2628 anathemati
613 2566 706 2645 atquc
730 2563 918 2629 damnationi
941 2563 1142 2640 subiecimus,
1166 2563 1198 2627 in
1221 2581 1258 2628 eo

133 2669 304 2747 uolumine,
333 2669 416 2751 quod
441 2669 530 2734 nobis
558 2689 612 2751 per
650 2669 776 2734 fratrem
808 2672 950 2734 nostrum
980 2669 1155 2752 Benignnm
1196 2668 1258 2752 epi·

133 2794 263 2859 scopum
290 2776 547 2859 nuperapietate
571 2778 675 2839 nestra
697 2775 917 2840 transmissum
940 2777 998 2851 est,
1022 2775 1081 2839 sub
1105 2774 1260 2840 Theodori

132 2882 347 2965 Mopsuesteni
371 2883 510 2966 episcopi
536 2876 737 2964 perhibentur
763 2882 887 2947 nominc
913 2883 1118 2965 pr·aenotata‚³
1132 2880 1171 2944 ad
1199 2881 1258 2946 hoc

133 2988 353 3053 sollicitudinis
384 2991 507 3052 nostrae
539 2987 676 3051 animum
709 2990 933 3069 consequenter
962 2987 1185 3064 ammouimus‚
1221 2988 1300 3052 utra

133 3095 159 3158 si
192 3094 266 3176 quid
287 3094 373 3167 <de>
393 3112 526 3176 persona
556 3093 608 3157 uel
639 3094 763 3158 nomine
795 3092 959 3158 memorati
991 3092 1145 3157 Theodori
1176 3092 1258 3174 apud

131 3204 235 3283 patres
267 3200 445 3283 quaesitum
476 3200 519 3263 sit
549 3200 601 3264 uel
634 3200 660 3264 si
693 3219 753 3283 qua
781 3219 874 3283 super
901 3199 968 3263 eius
996 3199 1117 3263 nomine
1146 3199 1183 3262 ab
1212 3199 1257 3263 eis

131 3307 315 3387 regulariter
349 3305 465 3369 fuerint
501 3306 671 3371 constituta
706 3306 774 3371 siue
813 3306 973 3389 disposita,
1016 3304 1258 3388 diligentissima

43 3419 109 3482 204
131 3412 329 3496 indagatione
357 3430 503 3494 quaerere
531 3431 720 3476 curaremus.
745 3416 776 3477 ct
798 3413 875 3477 hacc
897 3413 1123 3495 inuestigantes
1147 3410 1257 3474 aduer-

130 3518 227 3582 timus
266 3519 374 3582 beatae
410 3517 630 3583 recordationis
670 3518 819 3600 Cyrillum
855 3518 1077 3586 Alexandrinae
1118 3516 1256 3581 ciuitatis
1274 3545 1297 3584 uo

132 3624 305 3688 antistitem
333 3624 370 3688 de
398 3643 531 3707 persona
557 3624 619 3687 iarn
648 3625 763 3689 mortui
790 3625 943 3689 Theodori
967 3623 1105 3706 episcopi
1128 3623 1255 3688 Iohanni

131 3717 317 3795 reuereudae
344 3730 510 3794 memoriae
537 3729 746 3796 Antiochenae
774 3730 912 3795 ciuitatis
941 3730 1085 3813 episcopo
1115 3729 1167 3793 uel
1191 3727 1256 3793 Ori·

168 3973 180 4024 1
201 3987 294 4024 seusus
318 3972 347 4035 V,
367 3988 434 4028 corr.
454 3992 467 4025 ο
517 3973 533 4027 8
551 3975 744 4028 resurrections
767 3973 798 4036 V,
818 3989 884 4027 corr.
905 3991 918 4024 ο
965 3974 997 4026 10
1015 3973 1080 4040 fort.
1098 3972 1255 4026 liberauerit

132 4060 164 4112 19
192 4059 387 4138 quodammodo
414 4061 483 4118 Bar.
571 4063 606 4116 24
636 4062 831 4132 mophsuestiui
863 4062 889 4116 V
975 4062 1008 4114 26
1036 4061 1068 4115 de
1096 4060 1161 4114 add.
1186 4060 1253 4114 Bor.

131 4149 315 4202 memoratio:
334 4150 431 4202 morari
454 4149 480 4202 V
