2904 4672
171 257 236 322 334
488 252 624 324 Agapetue
642 269 711 323 pepe
728 252 875 306 Iustiniano
892 251 962 321 Aug.

169 446 370 528 prouectibus
392 445 449 511 tali
471 446 584 511 mentis
604 446 757 530 gloriosae
774 445 934 529 proposito
952 447 1074 510 terrena
1090 447 1187 512 uobis.
1200 466 1295 532 regna

127 549 324 629 2subicitis,
351 554 389 615 ut
414 551 508 615 simul
536 550 684 616 caelestia
711 551 911 632 conquiratis.
939 551 1032 629 cuius·
1056 551 1102 616 rei
1128 571 1189 616 nou
1222 556 1296 618 sunt

169 657 317 741 ambigua
343 657 537 735 documenta,
566 657 688 740 quando
714 657 760 720 ita
787 657 913 735 uestris,
937 674 1016 739 quae
1039 655 1206 737 direxistis,
1230 676 1295 722 ora-

168 762 248 827 culis
276 760 448 827 catbolicae
478 761 681 846 professionis
713 762 819 826 lumen
846 749 990 839 inradiat,
1012 763 1050 824 ut
1077 762 1172 827 etiarn
1194 762 1294 827 beatis

168 868 312 952 operibus
339 867 499 932 enitescat.
528 867 682 950 siquidem
708 866 763 932 illa
790 870 841 931 est
865 867 897 932 in
925 867 982 932 d'eo
1009 870 1116 933 nostro
1143 869 1236 951 plena
1263 873 1295 933 et

166 972 255 1039 firma
277 973 455 1051 credulitas,
479 992 572 1057 quam
595 974 783 1055 spiritalium
806 973 902 1038 simul
919 973 1079 1038 fructuum
1096 973 1295 1040 commendet

165 1079 301 1157 ubertas,
335 1080 419 1145 siout
449 1098 506 1144 uas
538 1079 698 1145 electionis
730 1078 894 1144 adnuntiat
920 1078 1043 1144 dicens:
1066 1079 1104 1143 iu
1129 1077 1293 1144 Christo

165 1184 255 1249 Iesu
284 1205 409 1268 neque
437 1185 697 1250 circumcisio
726 1185 879 1268 aliquid
906 1185 1018 1250 ualet
1039 1202 1165 1267 neque
1188 1203 1293 1266 prae-

108 1314 111 1321 ·
165 1291 326 1372 putium
355 1290 423 1356 sed
446 1290 571 1369 fides,
595 1310 693 1373 quae
715 1310 784 1375 per
806 1290 1068 1356 dilectionem
1092 1294 1292 1373 operatur.

121 1397 248 1478 equod
281 1396 362 1462 euim
393 1397 494 1462 maius
526 1396 600 1461 fidei
631 1399 754 1462 uestrae
780 1386 896 1481 poterit
922 1414 1002 1481 opus
1030 1396 1171 1473 existere,
1200 1414 1293 1479 quam
1308 1421 1331 1461 ro

164 1502 247 1584 quod
269 1503 366 1567 tantis
389 1503 595 1586 apostolicam
613 1503 716 1569 sedem
737 1503 875 1569 cantatis
894 1507 926 1569 et
942 1502 1172 1568 munificentiae
1191 1502 1293 1568 titulis

164 1608 323 1686 eleuastis,
351 1611 388 1673 ut
413 1609 483 1692 ipsa
509 1609 604 1673 etiam
632 1608 786 1674 desideria
813 1608 1006 1693 sperantium
1031 1608 1230 1674 transiretis?
1262 1611 1295 1674 et

163 1714 289 1797 quidem
312 1715 425 1780 hocin
448 1715 540 1781 uobis
564 1714 651 1793 olim,
675 1716 757 1781 sicut
779 1735 838 1799 ego
863 1733 987 1799 quoque
1009 1715 1151 1796 probaui,
1169 1734 1228 1797 per
1244 1714 1294 1781 dei

162 1819 294 1903 gratiam
326 1839 451 1903 semper
479 1819 588 1886 floruit
617 1820 810 1899 institutum,
842 1824 880 1886 ut
909 1820 1139 1905 possibilitatis*
1168 1824 1292 1886 uestrae

162 1919 309 1991 meritum
327 1925 485 2008 quantitas
504 1926 682 1991 ostenderet
698 1927 921 2008 praestitorum
940 1930 972 1992 et
990 1926 1028 1991 sd
1046 1927 1105 1991 bos
1122 1930 1293 2009 prouectus
1305 1928 1332 1988 *re

161 2030 306 2115 indeptae
336 2034 495 2105 momenta
525 2032 684 2115 potentiae
715 2032 895 2111 tenderetis,
928 2035 966 2097 ut
995 2031 1172 2116 benignitas
1200 2032 1293 2097 uobis

118 2144 139 2208 4
162 2137 303 2221 ingenite
324 2141 400 2204 uota
423 2138 622 2222 poscentium
644 2141 700 2203 aut
720 2138 917 2221 praeueniret
938 2141 994 2204 aut
1015 2137 1166 2202 uinceret.
1221 2136 1293 2202 binc
1374 2154 1377 2160 ·

162 2245 220 2316 est,
249 2243 332 2324 quod
359 2263 460 2327 usque
484 2243 523 2309 ad
541 2244 726 2328 'principalis
749 2263 879 2311 coronae
901 2243 1031 2328 fastigia
1052 2246 1085 2308 et
1106 2243 1192 2308 ultra
1212 2240 1303 2308 nuuc

80 2365 82 2367 ’
161 2367 262 2430 usque
289 2349 446 2432 prosperis
473 2352 580 2414 uestra
605 2349 816 2430 tranquillitas
840 2349 1038 2414 successibus
1062 2347 1299 2434 gloriaturnec.

162 2557 1293 2644 estzdiligentibusdeumomniecooperauturinbonum.

161 2665 243 2730 unde
266 2682 325 2751 ego
348 2683 472 2748 quoque
495 2665 639 2749 piissima
660 2658 783 2731 uestrae
804 2666 1051 2740 liber<el>itatis
1075 2663 1201 2749 eloquia
1222 2684 1294 2731 cum
1391 2737 1392 2741 ,

162 2771 328 2836 deuotione
368 2770 554 2856 gratulantis
595 2770 755 2850 ecclesiae,
796 2771 881 2836 sicut
919 2769 1135 2854 praecepistis,
1177 2769 1293 2836 diuinis

163 2870 280 2959 scripta
319 2875 381 2942 leci
419 2876 604 2943 ministeriis
642 2877 817 2955 adhaerere,
854 2880 892 2943 ut
928 2895 1078 2960 supernae
1117 2875 1293 2962 maiestatis

70 2967 73 2972 ⁸
163 2980 326 3066 optutibus
352 2980 520 3047 indefessis
548 3001 672 3067 semper
697 2983 843 3067 precibus
871 2983 1053 3068 ingerantur
1079 2986 1111 3048 et
1134 2981 1173 3046 ad
1196 2981 1293 3068 impe·
1307 3003 1350 3050 re.

50 3176 52 3180 v
161 3086 287 3153 bardas
314 3087 407 3153 uobis
433 3087 654 3154 retributiones
681 3091 804 3154 uestras
832 3088 876 3153 sit
902 3087 1157 3154 commemoratio
1180 3087 1304 3170 sempi·

120 3196 260 3267 5tema.
300 3197 394 3276 atque
432 3191 515 3270 ideo,
556 3193 680 3260 domine
721 3193 965 3258 clementissime
1005 3193 1061 3269 fili,
1107 3188 1294 3277 obsequium

163 3298 363 3364 salutationis
376 3299 551 3365 uberrimae
564 3302 743 3366 reuerenter
755 3301 918 3366 exsoluere
934 3297 1084 3382 spiritalis
1097 3316 1157 3364 uos
1171 3298 1294 3364 sinibus

164 3403 303 3492 caritatis
326 3404 497 3487 amplector
520 3422 657 3488 sperans,
679 3408 717 3470 ut
738 3405 777 3470 de
799 3423 868 3470 mea
891 3404 1066 3483 deuotione,
1090 3406 1244 3487 quantum
1261 3404 1293 3468 in

251 3647 266 3698 7
285 3643 345 3702 Gal.
364 3647 389 3710 5,
408 3647 425 3700 6
478 3646 512 3700 21
530 3645 607 3701 Rom.
626 3647 651 3712 8,
671 3646 705 3702 28

168 3831 175 3843 .
201 3785 299 3838 lmrrs
319 3789 384 3855 (pro
401 3784 477 3854 mers)
500 3784 527 3839 V
558 3785 710 3840 anticius
732 3785 764 3850 V,
783 3802 881 3842 coreo
923 3787 1067 3854 iuuertes
1090 3785 1117 3839 V
1151 3786 1184 3840 15
1203 3787 1293 3841 boso:

165 3888 195 3926 os
217 3871 261 3926 V·
329 3872 428 3927 171nc
450 3872 477 3926 V
561 3873 596 3927 22
613 3873 786 3939 liberalitatis
807 3875 884 3928 Cor:
902 3873 1050 3929 liberitatis
1070 3873 1102 3941 V,
1120 3873 1257 3929 libertatis
1279 3891 1296 3924 α

154 3961 200 4040 Ι23
215 3960 362 4031 ,pecularis
384 3960 417 4026 V,
434 3975 503 4015 corr.
522 3957 550 4032 ρ2
601 3962 636 4015 24
653 3962 789 4032 mysteriis
801 3962 871 4024 Bor.
943 3961 1146 4033 magestatisl'
1197 3963 1231 4018 25
1245 3964 1294 4017 inr-

162 4036 295 4118 ¹petranda
318 4049 396 4103 uobis
420 4048 605 4103 retributionis
629 4053 735 4104 uestrae
752 4049 794 4115 V,
818 4051 937 4111 conexi:
960 4050 1079 4120 praemia
1099 4056 1164 4121 poet
1189 4054 1294 4106 uestrae

166 4136 231 4191 add.
250 4138 319 4191 Bar.
373 4137 407 4193 26
425 4137 610 4207 sepitemaV
