2904 4672
607 225 694 295 Epist.
713 225 798 279 οιιιιι
815 225 892 280 υ-ἰ.
1248 232 1311 295 165

188 422 301 483 θέσθαι
330 417 392 491 τοῖς
420 415 629 502 ἁπλουστέροις
655 421 706 481 καί
735 419 901 482 σκάνδαλον
928 421 1064 504 τοιαόιης
1091 418 1240 504 αἱρέσεως,
1271 418 1312 493 ός

190 519 260 587 οόδὲ
288 520 339 586 ἶσα
365 533 429 594 ταῖς
455 528 609 607 προτέραις
637 520 781 607 αἱρέσεσιν
810 522 923 607 ἀνθεῖν,
952 521 1103 609 ὑπεράγειν
1134 525 1168 588 δὲ
1200 525 1313 610 μᾶλλον

189 628 364 712 πολλαχῶς.
386 629 437 690 καὶ
459 623 518 712 οόχ
539 623 682 712 ὥρμησας
704 637 740 713 ιφ,
764 625 894 711 ἀληθεία
914 632 1039 701 καὶτοῖς
1055 627 1101 693 ἐπὶ
1116 630 1159 701 δὶς
1173 633 1312 712 γράμμα·

191 751 235 793 σιν
282 726 367 816 ἡμῶν
404 729 613 813 ένωτίσασθαι,
641 737 690 792 νῦν
724 727 859 816 ἠρξάμην
891 729 1104 819 ἀποφήνασθαι
1139 736 1216 797 κατά
1248 727 1357 814 σου,3

159 835 307 919 ιροῖλλον
330 833 362 896 δὲ
385 829 400 895 ό
422 836 655 920 κορυφαιότατος
675 842 732 896 των
758 843 952 920 ποιμαντικων
979 836 1106 919 θρόνων,
1130 833 1146 898 ό
1169 833 1198 897 ὲν
1221 830 1315 915 ἀγίαις

192 935 350 1026 εὐφημίαις
371 947 482 1023 κομῶν,
507 933 522 999 ό
545 934 663 1021 ἀριστος
684 947 741 1000 τιῦν
764 935 937 1001 ἀποστόλων
965 935 1102 1024 ἀληθοῦς,
1133 937 1256 1022 Πέτρος·
1281 933 1315 1000 οό

193 1044 283 1127 μόνον
314 1041 346 1103 δὲ
374 1044 452 1104 κατὰ
478 1047 539 1121 σοῦ,
567 1040 601 1112 ὃς
624 1036 711 1104 αότοῦ
736 1048 775 1125 τῲ
808 1039 928 1126 όνόρατι
957 1040 1057 1114 ἔπισος
1084 1041 1111 1106 εἶ
1132 1041 1198 1105 ἀλλ’
1221 1036 1257 1105 οό
1279 1049 1316 1126 οη

192 1150 297 1231 γνώμη
319 1141 389 1209 οὐδὲ
409 1155 446 1230 τῇ
469 1149 569 1223 πίστει,
594 1142 637 1208 ότι
658 1141 803 1231 ὑπεράγαν
827 1145 861 1210 ἐκ
882 1148 984 1210 τοῦτου
1016 1144 1195 1218 ἐκκεκλικός
1218 1144 1246 1209 εἶ
1264 1153 1315 1208 τοῦ

194 1248 289 1334 όρθοῦ
312 1252 490 1340 σκοποῦκαὶ
511 1258 564 1334 της
587 1246 750 1335 ἀμωμήτου
774 1255 908 1332 πίστεως,
924 1249 1004 1313 ἀλλὰ
1020 1251 1142 1336 μήνκαὶ
1162 1252 1239 1313 κατὰ
1260 1259 1317 1312 των

154 1387 180 1426 10
196 1355 237 1440 μή
249 1353 483 1439 ἐρυθριασάντων
498 1353 567 1425 τοῦς
581 1363 638 1416 τῦν
654 1365 765 1431 σεπτῶν
778 1351 986 1436 εόαγγελιστῦν
995 1363 1189 1440 χαρακτῆρας
1202 1357 1317 1418 καίτιῦν

194 1459 304 1529 τούτοις
327 1454 474 1541 ἑπομένων
498 1454 670 1520 ἀποστόλων
692 1461 743 1521 καί
764 1459 880 1522 τελείων
903 1456 1018 1543 ἀνδρῶν
1040 1458 1227 1529 διδασκάλων
1249 1459 1318 1528 τοός

195 1565 313 1644 λόγους,
336 1559 452 1644 ἀστάτιρ
474 1565 577 1647 γνώμη
600 1560 826 1647 ἐπερειδομένων
856 1569 892 1648 τη
923 1561 957 1626 ἐκ
982 1572 1037 1626 σοῦ
1066 1565 1317 1647 παρανομουμένη
1422 1584 1424 1588 ’

191 1666 324 1760 ἐκθέσει,
355 1667 397 1738 ὼς
425 1662 555 1751 ἡδότατα
582 1668 773 1751 περιέπεσθαι
799 1665 846 1730 ἐπὶ
873 1669 906 1730 τό
936 1676 989 1752 της
1017 1665 1196 1738 κακοδοξίας
1226 1661 1319 1736 όντως

196 1775 382 1856 πικρότατον,
419 1772 470 1833 καί
505 1765 560 1834 οόκ
599 1767 843 1859 ἀποστραφέντων
889 1773 941 1856 την
983 1772 1097 1834 τοιάνδε
1139 1771 1319 1852 δυσσέβειαν.

153 1905 178 1945 1⁵
197 1877 319 1961 λέξομεν
349 1869 399 1936 σόν
429 1876 477 1936 σοὶ
506 1870 548 1945 ός
573 1876 625 1939 καὶ
645 1877 710 1937 κατ’
735 1872 859 1938 ἐκείνων·
884 1873 982 1960 ἐπειδὴ
1005 1870 1223 1959 ἠγάπησας
1257 1893 1320 1936 κα·
1343 1877 1364 1938 4

196 1983 289 2043 κίαν
311 1973 414 2062 όπέρ
446 1975 756 2062 (ἀγαθωσύνην,
783 1976 948 2041 ἀδικίαν
977 1973 1097 2061 ὑπὲρ)
1127 1980 1166 2040 τό
1198 1961 1320 2060 λαλῆ-

134 2077 138 2086 '
198 2103 265 2146 σαι
292 2084 572 2168 δικαιοσύνην,
600 2072 819 2166 ἠγάπησας
848 2084 977 2144 πάντα
1010 2076 1172 2166 ῥήματα
1203 2101 1320 2144 κατα·
1353 2138 1355 2140 .

197 2195 434 2272 ποντισμοῦ,
481 2186 668 2267 γλωσσαν
721 2186 872 2257 δολίαν,
910 2185 976 2247 διὰ
1011 2193 1130 2249 τοῦτο
1168 2181 1184 2247 ό
1221 2186 1321 2255 θεός

197 2287 376 2352 καθέλοι
398 2310 440 2350 σε
462 2285 521 2360 είς
546 2288 676 2370 τέλος,
700 2283 734 2350 οό
751 2290 839 2375 μόνον
862 2283 921 2350 ἀπό
943 2297 996 2373 τῆς
1013 2285 1190 2374 Ἀντιοχέων
1212 2272 1321 2371 ἔκκλη·

155 2425 181 2466 20
200 2397 267 2464 σίας
289 2389 368 2455 ἀλλά
388 2394 440 2455 καί
460 2389 518 2454 ἀπό
540 2395 639 2476 πάσης
661 2392 787 2463 πόλεως.
808 2394 860 2454 καί
880 2413 913 2471 γε
934 2394 1140 2475 πεπαγιωμένη
1163 2387 1237 2453 ἔστω
1264 2397 1321 2456 Ισὀυ

199 2492 220 2581 ἡ
248 2498 422 2580 καθαίρεσις
452 2493 525 2581 αότη
556 2491 604 2560 ὁπ’
634 2495 706 2579 ἐμοῦ
733 2496 784 2558 καὶ
811 2504 868 2557 τῶν
896 2495 1050 2557 διεπόντων
1080 2496 1141 2577 μετ’
1176 2491 1248 2578 ἐμοῦ
1274 2493 1322 2555 τόν

202 2597 395 2664 ἀποστολικόν
428 2603 535 2685 θρόνον
568 2603 620 2663 καί
652 2595 796 2662 Ἀκακίου
824 2607 875 2661 τοῦ
902 2608 955 2683 της
982 2595 1323 2660 Κωνσταντινουπολιτῦν

240 2828 331 2892 1το“υς
350 2824 536 2896 ἁπλουστέρους
555 2825 592 2893 gh
631 2818 709 2876 2ἴσα
726 2839 750 2891 υ,Ἰ
776 2821 852 2876 mur
870 2820 907 2885 δίς
925 2820 991 2890 agh:
1010 2822 1073 2892 πρός
1092 2821 1120 2874 σέ
1139 2831 1170 2873 ου
1204 2818 1324 2874 4ένωτί-

204 2915 302 2967 σασθαι
320 2915 385 2984 agh:
403 2915 541 2985 πεισθῆναι
559 2930 589 2967 eo
642 2914 779 2984 όκοσμῶν
798 2912 835 2982 gh
885 2906 948 2972 78<
967 2908 1045 2962 αυτοῦ
1063 2910 1171 2976 scripsi:
1191 2902 1220 2960 οό
1239 2908 1324 2978 aeogh
1402 2901 1404 2905 ⁸

203 3006 240 3076 τῷ
258 3001 364 3075 δνόματι
381 3019 425 3055 eo:
443 3003 471 3054 τό
490 2998 571 3072 ὄνομα
589 3001 642 3070 agh
728 2997 814 3061 ’ἑπισος
833 2999 929 3066 (έπῖσος
952 2999 998 3066 gh)
1019 2989 1041 3049 el
1059 2996 1142 3065 eogh:
1162 2997 1325 3049 ἐπισυσσεῖυ

203 3089 390 3153 8ἀιικεκλυιιός
408 3083 430 3143 εἶ
448 3092 529 3162 eogh:
553 3087 743 3150 ίκκεκλικόσιυ
811 3094 856 3141 τοῦ
874 3087 960 3143 om.h
1024 3086 1056 3138 10
1074 3085 1110 3156 μὴ
1130 3102 1174 3139 eo:
1198 3088 1247 3139 om.
1272 3083 1323 3152 agh

207 3183 239 3240 12
257 3179 357 3232 ἀοιάτω
376 3197 437 3234 aeo:
456 3179 573 3233 ἀστάκιω
591 3179 618 3244 h,
637 3177 770 3245 ἀτάκτως
839 3172 1036 3246 ἐπερειδομένων
1056 3190 1100 3226 eo:
1120 3170 1325 3244 ἔπερειδομὲνους

204 3271 259 3340 agh
326 3268 536 3340 παραμιμουμένη
556 3285 582 3337 g,
601 3265 799 3336 παραμιμένηθ
860 3263 893 3317 13
912 3269 959 3333 τῆς
978 3278 1063 3316 om.a
1126 3262 1158 3314 14
1177 3257 1223 3312 οόκ
1240 3272 1326 3312 om.a

205 3355 359 3428 τοιαότηνυ
413 3357 445 3410 15
462 3355 619 3428 ἠγάπησας.
635 3393 641 3405 .
656 3353 817 3423 δικαιοσύνην
836 3368 886 3406 om.
906 3368 921 3405 a
980 3351 1012 3404 16
1031 3346 1205 3421 ἀγαθωσόνην
1228 3342 1326 3398 ἀδικίαν

207 3445 268 3516 ῦτέρ
285 3445 389 3499 inserui
405 3461 438 3498 ια
449 3445 574 3513 psalmo:
591 3460 641 3498 om.
660 3441 728 3510 eogh
810 3441 838 3492 τό
858 3456 902 3497 eo:
921 3446 966 3492 τοῦ
984 3439 1022 3507 gh
1109 3436 1140 3488 17
1159 3434 1241 3488 πάντα
1259 3433 1291 3485 τὰ
1307 3431 1326 3484 h

208 3535 241 3588 19
258 3531 367 3585 καθέλοι
384 3550 414 3587 eo
427 3549 489 3587 cum
500 3531 673 3600 septuaqinta
685 3529 890 3598 interpretibus:
908 3525 1015 3580 καθελεῖ
1027 3524 1079 3599 agh
1132 3522 1161 3576 οῦ
1181 3521 1258 3593 μόνον
1277 3517 1326 3571 ἀπὸ
1413 3537 1416 3540 ’

205 3631 256 3695 της
274 3638 316 3674 eo:
337 3620 385 3673 ἀπὸ
404 3629 451 3692 τῆς
466 3619 495 3672 οῦ
510 3620 586 3691 μόνον
601 3620 654 3688 agh
689 3619 723 3672 20
735 3617 803 3685 fort.
816 3617 919 3687 καὶγὰρ
971 3612 1174 3685 πεποιγιιυμένωςΙ
1184 3608 1231 3663 που
1280 3619 1327 3658 σου
1409 3619 1411 3621 ’

207 3728 259 3767 om.
278 3710 314 3779 gh
383 3712 414 3764 21
435 3708 489 3780 μετ’
502 3707 569 3779 ,ἐμοῦ
588 3708 669 3776 eogh:
686 3705 743 3759 κατ’
762 3704 806 3771 ἐμὲ
825 3723 839 3759 ο
892 3705 926 3757 22
944 3696 1229 3758 κωνοταντ-ινουπόλεως
1248 3712 1267 3765 g
