2904 4672
141 207 184 270 40
293 202 441 258 Marcellini
460 205 492 256 et
504 202 629 256 Faustini
648 201 679 254 dc
699 201 864 255 confessione
885 217 962 256 uerae
979 201 1042 265 fidei
1061 204 1111 256 etc.

142 395 235 467 caede
257 396 449 470 mulcentes:
477 397 598 479 negent,
627 394 654 458 si
681 413 740 459 non
772 395 927 476 hodieque
959 395 1041 477 apud
1068 415 1102 461 se
1133 397 1265 481 mystica

141 520 229 578 uasa,
253 519 331 583 quae
354 502 429 564 tunc
451 501 545 583 impie
568 500 711 563 Lucifero
735 500 937 582 diripuerunt,
967 520 1038 565 cum
1063 501 1160 566 sacris
1185 503 1264 568 codi-

57 604 118 669 110
142 607 231 670 cibus
254 606 423 689 possident.
490 609 565 669 tuno
588 605 698 687 utique
717 606 820 670 Turbo
844 625 915 670 cum
933 606 1086 689 Eutychio
1110 608 1263 673 haeretico

142 712 342 776 uersabatur:
362 714 471 775 extunc
491 730 524 775 se
543 711 731 777 catholicum
750 712 854 776 dicens
878 712 1047 777 catholicos
1069 713 1265 795 persequitur

143 813 201 881 suh
222 817 405 882 auctoritate
424 817 522 880 uestri
539 817 682 881 neminie.
706 817 901 881 auctoritatis
920 817 988 901 piae
1008 819 1265 901 contemplatione
1290 831 1308 872 ὃ

141 923 235 987 fidem
258 923 443 994 catholicam
466 922 652 987 uindicatis:
676 923 874 1004 permittetis,
898 924 1032 1005 piissimi
1053 924 1264 1007 imperatores,

143 1031 180 1093 ut
201 1029 260 1092 sub
283 1029 380 1092 uestri
402 1028 534 1092 nominis
558 1028 741 1092 auctoritate
766 1029 916 1093 aduersus
943 1029 1050 1093 fideles
1073 1030 1265 1112 diu·ubique

143 1134 318 1199 dominetur
338 1134 508 1216 impietas?
532 1134 655 1216 expedit
677 1135 757 1197 enim
781 1135 839 1198 hoc
862 1135 1001 1199 Romano
1020 1135 1149 1217 imperio
1170 1132 1266 1220 (quod

143 1244 245 1304 tamen
260 1240 372 1304 affectu
391 1239 496 1303 attide
514 1239 592 1315 eius,
607 1259 701 1322 quam
716 1240 839 1305 Christo
855 1241 911 1304 deo
926 1240 1086 1316 exhibetis,
1102 1242 1266 1306 obseruan-

142 1345 203 1409 tiae
218 1344 374 1427 elicimus),
388 1347 425 1410 ut
438 1345 492 1428 qui
502 1345 660 1410 Christum
673 1345 723 1427 pie
740 1346 928 1428 praedicant,
943 1346 1173 1428 persecutiones
1187 1366 1266 1412 mor·
1282 1365 1305 1405 ιο

143 1455 252 1532 tesqua
267 1451 432 1532 patientur,
446 1451 492 1515 ita
509 1454 546 1516 ut
562 1471 717 1533 nusquam
730 1451 824 1514 liceat
842 1452 898 1516 deo
913 1452 965 1534 pia
980 1452 1089 1516 altaria
1107 1452 1266 1517 conlocare

57 1551 117 1614 111
144 1560 199 1620 aut
213 1559 304 1630 certe,
320 1575 392 1647 cum
406 1557 566 1621 conlocata
579 1557 703 1633 tuerint,
714 1556 935 1620 destruantur?
981 1557 1039 1620 suh
1053 1557 1149 1639 impio
1159 1548 1266 1622 Achab

142 1680 215 1746 rege
241 1661 337 1725 lsrael
365 1662 476 1726 occisis
503 1661 662 1745 prophetis
690 1661 869 1743 altariisque
896 1661 1063 1726 destructis
1090 1661 1268 1744 interpellat

142 1767 250 1830 Helias
274 1766 366 1830 deum
390 1766 556 1830 aduersum
579 1765 676 1830 lsrael
698 1766 729 1829 in
752 1755 830 1830 libro
854 1785 1019 1849 regnorum
1052 1766 1175 1830 dicens:
1210 1766 1267 1831 do·

143 1871 254 1945 mine,
286 1871 503 1953 prophetas
531 1873 622 1935 tuos
656 1870 900 1946 occiderunt,
934 1871 1081 1935 altaria
1111 1874 1181 1939 tua
1213 1872 1309 1935 de-rs

145 1979 380 2041 struxerunt
407 1981 445 2041 et
472 1995 542 2061 ego
565 1976 738 2040 relictus
762 1996 846 2040 sum
869 1977 981 2041 solus
1005 1980 1044 2040 et
1070 1980 1269 2058 quaeruut

144 2082 308 2146 animam
347 2101 485 2150 meam:
523 2081 601 2145 hanc
636 2081 823 2145 inuidiosam
858 2081 1136 2163 interpellationem
1173 2081 1267 2144 etiam

143 2187 257 2251 uestris
280 2187 471 2270 temporibus
495 2187 596 2251 sinitis
620 2187 774 2250 addeum
801 2186 869 2250 fieri
892 2207 910 2252 a
932 2186 1064 2271 singulis
1089 2186 1266 2268 quibusque

57 2285 286 2356 tractoribus
328 2292 566 2356 sacerdotibus?
604 2292 631 2356 si
672 2292 752 2356 enim
790 2295 821 2356 et
847 2295 984 2367 taceant,
1011 2291 1163 2373 numquid
1190 2291 1267 2354 deris

144 2399 219 2463 haec
242 2398 311 2480 ipse
332 2397 399 2462 fieri
420 2397 565 2481 ignorat?
593 2397 692 2480 quid?
720 2402 879 2481 putamus,
902 2399 985 2480 quod
1013 2398 1078 2468 sine
1102 2397 1267 2462 offensione
1284 2422 1309 2463 ao

145 2504 194 2568 dei
215 2505 291 2567 haec
313 2504 345 2566 in
368 2522 459 2568 ueros
482 2503 652 2573 catholicos
676 2507 708 2567 et
728 2503 760 2566 in
788 2523 894 2568 ueram
921 2504 988 2568 eius
1016 2503 1180 2568 ecclesiam
1202 2521 1268 2585 per·

143 2612 311 2692 patrentur,
332 2627 410 2691 quae
430 2609 504 2673 olim
522 2609 672 2673 aduersus
696 2629 802 2673 seruos
823 2609 872 2673 dei
889 2612 1065 2692 perpetrata
1083 2607 1268 2691 g1·a11issime

144 2715 259 2779 diuinis
291 2715 609 2780 animaduersionibus
637 2714 795 2779 uindicata
822 2718 921 2779 sunt?
954 2718 985 2778 et
1011 2714 1092 2778 unde
1121 2716 1195 2777 suunt
1222 2715 1269 2776 tot

59 2815 120 2878 113
144 2822 264 2906 plagae,
288 2820 402 2903 quibus
427 2821 508 2885 orbis
526 2821 684 2885 Romanus
704 2821 844 2902 quatitur
862 2824 894 2884 et
911 2823 1086 2904 urguetur?
1110 2838 1171 2882 non
1189 2836 1267 2900 epus

233 3065 266 3117 14
282 3065 368 3134 Regu.
385 3063 427 3118 Ill
448 3065 488 3128 lu,
509 3065 541 3120 10
560 3069 600 3133 (et
620 3066 662 3132 14)

180 3204 197 3257 1Ι
216 3203 362 3255 multantes
380 3203 410 3253 op
528 3220 556 3257 se
581 3204 693 3274 mystica
720 3203 757 3258 V:
780 3219 808 3257 se
826 3201 928 3256 habent
951 3201 1061 3268 (habens
1080 3201 1108 3270 π)
1131 3203 1224 3254 sancta
1243 3200 1267 3250 ‹l›

144 3290 297 3344 3ossidcnt
319 3291 346 3344 V
395 3291 518 3361 euthycio
536 3310 560 3357 a,
578 3293 695 3346 euthicio
713 3312 739 3356 π,
759 3291 893 3361 cuticioq
930 3292 994 3343 tet
1012 3294 1076 3342 tunc
1099 3287 1125 3341 V
1177 3288 1281 3342 catha·-

143 3379 207 3432 lieos
230 3379 284 3432 Vc:
303 3379 450 3433 catholicas
469 3381 510 3434 Ya
557 3380 753 3435 tauctoritate
771 3380 855 3434 uestri
873 3379 988 3433 nominis
1007 3393 1056 3434 om.
1076 3377 1103 3430 V
1153 3377 1268 3430 auctori·

142 3469 208 3520 tatis
226 3467 286 3537 piae
305 3467 342 3521 Φε
362 3469 525 3528 auctoritate
543 3469 600 3538 spei
617 3468 644 3523 V
694 3466 929 3537 contemplationis
943 3465 968 3515 Φ
988 3464 1228 3533 (contemplacione
1242 3466 1267 3529 t)

144 3556 160 3608 6
178 3555 344 3609 uindicantes
362 3574 386 3621 a,
407 3557 593 3629 aindecatesq
663 3555 825 3626 permittetis
840 3573 865 3607 o:
885 3555 1043 3623 permittens
1061 3552 1093 3617 V,
1111 3553 1268 3621 permitten-

143 3648 184 3698 tes
203 3645 228 3695 q>
318 3643 498 3698 iaduersurn
522 3645 547 3695 Φ
637 3645 670 3700 10
692 3644 884 3715 persecutionis
909 3645 980 3711 (nes
1003 3646 1048 3712 ap)
1074 3641 1268 3709 mortisqueo

143 3736 295 3804 mortesquq
317 3730 344 3784 V
389 3734 426 3787 ’11
448 3736 479 3787 ut
496 3751 584 3804 om.q
640 3735 672 3788 13
690 3749 780 3803 regern
803 3732 846 3786 Vn
917 3731 1073 3799 altariisque
1101 3729 1138 3782 V:
1158 3730 1269 3783 altares·

144 3837 195 3888 que
218 3820 251 3885 Y,
269 3820 415 3889 altarisque
435 3824 528 3891 (quae
547 3825 573 3890 a)
588 3841 629 3885 aa,
644 3821 827 3890 altaribusque
842 3838 855 3870 o
893 3820 926 3873 14
941 3818 1018 3872 deum
1037 3818 1075 3872 V:
1093 3817 1230 3871 dominum
1244 3816 1269 3867 ‹l›

146 3910 178 3962 16
196 3925 254 3962 sum
272 3909 345 3962 solas
363 3907 389 3957 Φ
408 3913 478 3977 (sam
497 3926 547 3981 ego
565 3911 637 3964 solus
661 3909 806 3978 Valcaton:
823 3908 896 3962 solus
915 3923 974 3960 sum
997 3906 1023 3959 V
1080 3905 1113 3959 18
1131 3905 1225 3959 sinites
1243 3925 1268 3975 χ.

144 3998 284 4060 cenatica,
304 3996 392 4050 finatis
410 4019 427 4050 π
498 4014 582 4053 aem.
597 3998 635 4051 ,Y
686 3996 883 4051 rarescentibus
907 3995 934 4049 V
983 3995 1017 4048 20
1035 3994 1093 4047 sine
1116 3993 1154 4046 V:
1171 3994 1227 4046 sint
1244 3994 1269 4044 ‹1›

144 4088 177 4139 21
197 4087 268 4139 uiros
290 4085 342 4150 Υπ,
361 4072 423 4139 aros
441 4103 457 4136 κ
541 4086 569 4139 in
587 4100 639 4139 em.
657 4104 673 4136 a
763 4085 819 4137 eius
838 4099 923 4137 eon.a
1011 4082 1045 4134 22
1064 4097 1156 4134 seruos
1175 4096 1225 4134 om.
1245 4078 1269 4129 ‹l›
