2904 4672
148 273 211 338 276
411 269 507 340 Uigilii
524 271 699 324 constitutum
719 269 753 324 de
770 270 857 324 tribus
875 270 1000 341 capitulis

148 471 292 545 apostolus
319 472 438 544 apparet
464 469 644 542 adsumptum
672 468 815 527 hominem
842 469 944 528 ceteris
967 485 1188 541 connumerans,
1212 487 1270 529 non

147 560 302 619 secundum
325 559 400 633 quod
423 558 553 617 similiter
570 558 626 616 illie
644 557 789 616 filiationis
806 557 951 632 particeps
969 560 1022 629 est,
1042 559 1094 617 sed
1112 559 1270 618 secundum

148 649 224 722 qnod
250 648 380 706 similiter
405 647 499 721 gratia
524 646 689 705 filiationem
712 647 876 720 adsumpsit
894 646 999 705 deitate
1021 648 1085 707 sola
1110 647 1269 706 naturalem

146 735 311 795 filiationem
332 736 506 810 possidente.

62 839 125 905 1⁶5
190 855 226 919 In
253 873 348 936 supra
373 854 488 936 scripto
516 853 753 937 quadragesime
781 853 915 937 septimo
943 854 1080 935 capitulo
1111 853 1155 932 id,
1189 855 1305 938 quode

148 960 225 1025 dicit
251 962 428 1044 apostolus:
457 959 524 1041 qui
551 958 702 1024 multos
734 959 850 1024 filios
884 960 922 1026 in
955 959 1269 1043 gloriamaddu·

147 1069 274 1144 xerat,
299 1065 475 1149 exponendo
499 1064 622 1144 dicitur,
647 1065 730 1146 quod
754 1065 956 1148 adsumptum
979 1065 1136 1131 hominem
1160 1067 1270 1131 ceteris

148 1174 348 1237 connumeret
387 1175 514 1236 sanetus
555 1171 725 1253 apestolus,
767 1190 803 1235 eo
841 1172 923 1254 quod
960 1171 1104 1237 similiter
1140 1171 1270 1257 gratiam

147 1277 305 1342 filiationis
320 1277 474 1360 acceperit
487 1277 555 1342 sola
567 1277 684 1341 deitate
698 1277 870 1342 naturalem
885 1277 1064 1343 filiationem
1075 1277 1269 1359 possidente:

148 1402 226 1466 quae
248 1384 323 1448 item
347 1383 452 1462 uerba,
476 1385 559 1448 sicut
581 1383 724 1466 superius
748 1384 867 1448 dictum
890 1385 949 1462 est,
972 1383 1052 1450 dues
1069 1383 1272 1449 introducunt
1286 1414 1307 1453 0

146 1488 229 1555 filios
256 1489 315 1567 dei,
342 1489 376 1554 id
402 1492 452 1554 est
477 1509 575 1554 unum
606 1508 661 1571 per
692 1491 834 1574 gratiam,
866 1490 1000 1555 alterum
1030 1509 1086 1572 per
1116 1493 1270 1555 naturam.

148 1594 231 1678 quod
257 1596 311 1677 qui
337 1596 382 1660 ita
408 1595 491 1678 sapit
517 1594 609 1659 docet
636 1595 735 1660 eredit
761 1598 817 1660 aut
831 1585 1009 1677 praedicat,
1033 1596 1199 1661 anathema
1221 1595 1271 1661 sit.

64 1793 127 1858 166
553 1789 714 1864 Capitulum
735 1791 866 1851 XLVHI.

193 1915 248 1973 Sed
280 1915 316 1973 ad
347 1915 402 1973 hoc
433 1914 541 1984 dicunt,
565 1916 641 1989 quod
672 1916 754 1974 Iesus
781 1931 885 1973 nomeu
911 1915 1083 1974 saluatorem
1109 1915 1271 1990 significan

148 2000 284 2062 ‘saluator
306 1999 411 2062 autem'
433 2003 532 2061 110001
553 2000 703 2076 ‘quomodo
725 2004 773 2061 ille
794 2004 878 2062 homo
901 1999 1063 2063 dicaturl':
1087 2003 1179 2074 obliti,
1198 2004 1273 2078 quod
1288 2023 1310 2064 u

149 2093 232 2151 Iesus
255 2091 403 2150 dicebatur
425 2091 509 2150 etiam
533 2094 562 2149 et
584 2090 660 2151 filius
682 2093 765 2150 Naue
789 2093 826 2162 et,
851 2093 926 2165 quod
948 2092 1109 2152 mirandum
1133 2092 1274 2166 estquis

148 2197 205 2240 nou
229 2180 271 2239 sic
294 2183 413 2240 uocatus
441 2183 486 2238 est
512 2179 629 2240 fortuite
656 2181 686 2240 iu
709 2180 892 2255 generatione
915 2181 966 2240 sed
988 2181 1235 2239 transnominatus
1258 2198 1274 2238 a

149 2269 239 2330 Mose.
258 2271 366 2327 certum
385 2270 479 2327 autem
498 2271 552 2339 est,
572 2271 648 2341 quod
666 2286 723 2328 non
741 2269 796 2328 hoc
813 2269 957 2343 imponere
974 2269 1083 2329 homiui
1100 2269 1273 2343 patiebatur,

151 2352 177 2416 si
202 2356 327 2416 diuinam
351 2360 482 2415 naturam
506 2357 665 2417 omnimodo
688 2357 878 2432 significabat.

61 2472 123 2537 167
191 2477 227 2541 ln
256 2495 349 2559 supra
375 2477 492 2559 scripto
520 2476 757 2559 quadragesimo
786 2480 897 2541 octauo
925 2476 1060 2560 capitulo
1088 2476 1127 2540 de
1149 2477 1274 2542 nomine
1289 2500 1313 2541 e

147 2583 231 2660 Iesu,
269 2581 353 2664 qued
384 2583 572 2646 saluatorem
604 2582 771 2664 significet,
803 2581 1047 2665 argumentando
1078 2585 1213 2667 negatur
1243 2585 1275 2647 et

149 2687 273 2767 dicitur,
288 2687 402 2771 quiesi
417 2689 556 2752 saluatur
569 2686 709 2751 diuinam
726 2690 868 2752 naturam
887 2686 1085 2772 significaret,
1103 2707 1274 2771 numquam

238 2895 270 2950 13
289 2893 354 2966 (lap.
367 2895 479 2950 XLVIII
492 2919 525 2942 =
539 2896 599 2950 Act.
620 2895 682 2965 Syn.
701 2897 748 2951 47:
768 2896 907 2951 ‘Eiusdem
926 2897 973 2964 (sc.
992 2896 1135 2963 Theodori)
1155 2913 1189 2951 erc
1206 2896 1274 2950 libro

149 2982 304 3039 duodecimo
327 2984 578 3039 &incantatione
601 2984 634 3047 0;
662 2983 763 3039 Graeca
788 2985 907 3039 seruauit
931 2984 1073 3039 Leontius:
1105 2977 1187 3037 Ἀλλὰ
1212 2985 1275 3056 πρὸς

148 3070 223 3124 τοῦτο’
243 3090 327 3142 φασιν,
345 3074 385 3128 ὅτι
401 3073 429 3126 τὸ
446 3071 552 3143 Ἰησοῦς
571 3069 653 3142 ὄνομα
670 3079 776 3143 σωτῆρα
794 3070 919 3143 σημαίνει·
938 3072 1025 3143 σωτὴρ
1043 3072 1071 3126 δι’
1089 3084 1154 3143 φασί
1169 3079 1226 3134 πῶς
1245 3071 1275 3123 ἅν

135 3156 163 3208 ’ὁ
191 3155 329 3229 ἄνθρωπος
354 3159 464 3232 λέγοιτω
493 3156 686 3230 ἐπιλελησμένοι
709 3157 749 3212 ὃτι
774 3154 877 3228 Ἰησοῦς
901 3156 1002 3230 ἐλέγετο
1025 3160 1070 3212 καὶ
1093 3157 1107 3211 ὁ
1129 3165 1175 3214 τοῦ
1198 3159 1274 3231 Naar)

149 3246 200 3312 καὶ,
217 3247 246 3299 τὸ
270 3244 302 3317 δὴ
325 3247 484 3318 θαυμαστὸν,
503 3245 549 3299 eta
568 3243 618 3297 ἀπό
636 3264 703 3312 τινος
721 3246 788 3300 οὕτω
806 3245 914 3318 κληθεὶς
933 3245 1069 3319 συντυχίας
1087 3246 1114 3300 ἓν
1132 3253 1165 3318 τῇ
1178 3247 1276 3320 γενέσει

150 3332 218 3387 ἀλλὰ
233 3334 436 3405 mesoptamia<
455 3332 503 3386 tut
524 3339 568 3387 τοῦ
586 3332 712 3396 Μωσέως·
731 3332 809 3406 δῆλον
827 3333 854 3387 dt
874 3333 910 3398 ὥς
928 3333 975 3387 e'oa
999 3334 1030 3387 ἂν
1053 3334 1115 3389 αὐτὸ
1134 3336 1221 3389 θεῖναι
1237 3327 1280 3387 ἐπ’

150 3419 281 3491 ἀνθρώπῳ
307 3418 442 3497 ἠνέσχετο,
465 3417 534 3492 εἴπερ
551 3420 627 3484 θείας
653 3415 686 3493 ὴν
713 3422 816 3486 πάντως
843 3420 945 3493 φύσεως
964 3421 1119 3494 σημαντικόν
1136 3423 1275 3495 (scriptor.

151 3510 205 3562 net.
225 3524 298 3561 noua
318 3508 439 3563 collectio
463 3508 576 3573 71307,
596 3510 650 3577 16).

185 3631 202 3683 2
227 3631 352 3685 similiter
373 3631 428 3685 illis
454 3631 486 3686 (7ι
511 3638 536 3685 01
560 3632 591 3686 in
615 3632 676 3686 coll.
702 3635 720 3686 5
747 3631 793 3687 0³.-
816 3632 870 3686 illis
897 3633 1020 3687 similiter
1047 3633 1108 3701 (cm.
1136 3633 1274 3688 filiationis

149 3718 299 3789 particeps.
311 3718 400 3787 .quod
417 3719 552 3787 similiter)
574 3717 616 3781 0²,
634 3719 688 3772 illis
708 3721 768 3783 (om.
787 3720 921 3787 similiter)
939 3719 965 3774 V
1015 3723 1032 3775 4
1050 3721 1233 3792 possidentem
1252 3721 1278 3774 V

151 3811 176 3860 et
194 3811 258 3860 ante
274 3821 330 3860 rae.
352 3805 386 3860 0²
402 3823 451 3861 nee
467 3824 524 3861 non
545 3806 742 3862 00310001.
764 3810 782 3861 5
871 3809 903 3863 10
922 3824 990 3876 quae
1012 3810 1078 3863 item
1094 3810 1209 3879 sempsit
1231 3806 1274 3880 qui

150 3894 236 3949 eidem
253 3894 283 3959 V,
304 3911 371 3964 quae
390 3895 496 3966 quidem
518 3898 544 3947 0²
557 3896 625 3950 Bur.
664 3897 696 3948 15
715 3895 808 3949 dicunt
825 3898 931 3951 restitui
949 3912 981 3951 ex
997 3897 1116 3954 Graeco:
1135 3898 1203 3952 dicit
1221 3897 1274 3963 Vc,

150 3984 173 4037 si
191 3983 290 4038 dieitur
307 3983 376 4039 Bar.
432 3984 463 4037 16
482 3983 563 4037 etism
583 3987 611 4037 et
628 3983 692 4037 VO.-
711 3984 792 4037 etieur
810 3984 893 4053 uulpo
964 4000 1032 4055 naue
1050 3985 1117 4050 1¹0¹,
1137 3983 1275 4040 nauheC²

151 4072 182 4125 17
202 4088 218 4125 a
235 4088 308 4126 mose
331 4070 368 4124 V:
386 4087 473 4125 eruore
496 4070 536 4137 0¹,
555 4089 571 4125 a
589 4087 681 4142 moyse
702 4070 737 4125 0²
800 4072 831 4126 19
850 4073 873 4126 si
896 4073 961 4127 Vct
982 4071 1106 4128 01000.
1125 4076 1224 4130 2.·000
1244 4073 1276 4128 θ’

151 4166 175 4214 01
195 4159 353 4215 010001
