2904 4672
175 261 237 324 380
470 255 592 311 Gelasius
610 257 631 315 l
651 257 685 312 ed
703 259 841 329 episcopos
859 258 1011 312 Dardaniae

121 449 160 512 31
175 451 307 515 ecclesia
328 454 396 516 tota
418 451 567 534 suscepit.
589 451 644 517 ubi
667 451 762 516 etiam
781 455 1004 536 consequenter
1018 451 1204 530 ostenditur,
1224 452 1299 534 quia

155 561 255 623 male
283 556 372 641 gesta
400 560 547 641 synodus,
574 559 606 622 id
635 563 683 623 est
710 562 782 623 cont
783 578 817 622 ra
840 558 1008 642 scripturas
1032 562 1167 638 sanctas,
1192 561 1298 624 contra

173 664 344 730 doctrinam
373 667 507 747 patrum,
540 668 647 730 contra
671 664 906 730 ecclesiasticas
938 665 1073 748 regulas,
1106 683 1200 747 quam
1231 667 1297 729 tota

172 771 282 835 merito
307 771 520 835 ecclesianos
543 771 660 852 recepit
683 774 715 834 et
736 771 899 853 praecipue
923 772 1013 836 sedes
1036 771 1210 854 apostolica
1237 788 1297 835 non

171 877 326 959 probauit,
354 877 512 962 perbene
540 879 661 960 gestam
688 877 850 959 synodum,
877 875 911 939 id
934 879 984 941 est
1006 875 1178 942 secundum
1201 876 1294 959 scrip-
1322 899 1336 937 s

172 985 258 1047 turas
304 986 438 1058 sanctas,
483 982 656 1048 seeundum
699 982 899 1047 traditionem
942 986 1077 1064 patrum,
1123 981 1296 1046 secundum

174 1088 402 1153 ecclesiasticas
429 1088 553 1172 regulas
579 1107 634 1171 pro
663 1087 723 1152 fide
746 1088 902 1155 catholica
930 1091 962 1153 et
989 1086 1206 1153 communione
1223 1105 1296 1168 ,pro-

171 1194 278 1269 latam,
315 1213 414 1277 quam.
444 1196 557 1259 cuncta
592 1194 709 1275 recepit
743 1194 884 1271 ecclesia,
918 1213 1010 1275 quam
1042 1192 1174 1279 maxime
1206 1192 1295 1257 sedes

173 1298 345 1382 apostolica
386 1299 599 1381 conprobauit,
631 1301 668 1362 ut
708 1299 864 1377 debuerit,
897 1302 929 1364 et
958 1299 1096 1382 potuerit
1129 1297 1294 1373 inmutari;

173 1406 250 1469 bene
273 1422 347 1470 uero
372 1408 492 1488 gestam
516 1403 668 1487 synodum
690 1404 776 1470 iuxta
803 1404 1036 1488 supradictum
1063 1402 1192 1469 modum
1214 1420 1294 1467 noua
1310 1426 1334 1466 ιι

122 1504 163 1567 32
174 1509 289 1593 synodo
308 1510 487 1574 nullatenus
506 1509 729 1574 inmutandum.
774 1510 903 1594 proinde
922 1510 950 1574 si
966 1511 1139 1593 Eutycbem
1158 1509 1295 1572 fatentur

173 1616 372 1694 haereticum,
399 1616 480 1680 male
508 1617 628 1699 gestam
657 1616 739 1699 apud
769 1616 929 1698 Ephesum
959 1615 1122 1698 synodum,
1156 1631 1218 1696 qua
1248 1615 1295 1677 est

172 1724 326 1803 redeptus,
362 1722 478 1803 pariter
517 1720 697 1786 fatebuntur
737 1724 770 1785 et
807 1721 940 1803 perbene
982 1724 1103 1804 gestam
1143 1718 1295 1811 synodum

174 1826 467 1904 Oalclredonensem,
497 1847 558 1909 qua
582 1828 740 1910 Eutyches
768 1828 820 1892 uel
848 1846 920 1892 cum
948 1845 984 1891 eo
1016 1825 1188 1912 sentientes
1221 1824 1303 1889 talia.

174 1935 249 1997 suut
278 1933 396 2010 reiecti,
429 1933 528 1997 uelint
558 1934 719 2015 nolintque
752 1933 954 2010 consentient,
986 1935 1079 2014 atque
1110 1930 1181 1996 ideo
1220 1931 1294 1995 beue
1312 1954 1335 1999 u

174 2041 295 2122 gestam
323 2039 475 2122 synodum
502 2039 591 2103 nouis
620 2039 880 2124 exagitationibus
907 2037 1042 2103 refricari
1074 2055 1135 2102 nou
1158 2036 1294 2105 licuisse

121 2138 163 2202 33
174 2149 371 2228 cognoscant.
409 2145 462 2226 qui
499 2145 526 2208 si
562 2145 691 2210 forsitan
727 2145 860 2209 dixerint
895 2162 931 2209 eo
962 2146 1076 2208 tenore·
1099 2142 1303 2226 llpbeseuam,

174 2237 296 2331 quoque
327 2251 480 2334 synodum
511 2270 572 2315 uon
602 2249 732 2315 bouisse
763 2249 887 2327 mutari,
918 2267 1027 2314 trusus
1058 2247 1136 2313 baec
1177 2248 1293 2325 eadem,

173 2374 252 2437 quae
275 2375 368 2439 supra
391 2356 648 2438 deprompsimus,
671 2355 793 2438 planius
815 2354 949 2438 repetita
968 2353 1169 2437 perpendant,
1191 2352 1226 2417 id
1248 2354 1295 2416 est

172 2461 246 2542 quie
272 2465 377 2526 contra
404 2462 506 2538 fidem,
535 2464 641 2527 contra
666 2462 831 2526 ueritatem
858 2459 1167 2540 communionemque
1183 2458 1294 2523 catho-
1309 2484 1335 2524 se

170 2568 264 2632 licam
287 2571 380 2651 atque
404 2568 605 2651 apostolicam
629 2586 764 2651 uereque
788 2566 993 2633 Christianam
1016 2585 1076 2631 nou
1099 2567 1182 2629 reete
1206 2566 1294 2648 gesta

172 2673 306 2755 synodus
328 2674 470 2755 legitima
491 2673 607 2756 syuodo
629 2693 685 2756 pro
703 2672 774 2751 fide,
793 2673 936 2751 ueritate,
955 2671 1172 2736 commuuione
1191 2669 1292 2733 catho-

170 2777 233 2842 lica
264 2798 399 2862 uereque
432 2781 607 2846 Christiana
637 2779 739 2844 modis
772 2779 916 2844 omnibus
954 2776 1143 2842 secludenda
1175 2778 1228 2864 est
1262 2769 1296 2838 et

205 2965 371 3035 2scriptnra
392 2966 424 3030 V,
443 2982 510 3023 cerr
528 2984 601 3024 mee
619 2973 639 3023 2
745 2971 837 3022 conta
855 2968 940 3026 doctr
960 2967 1038 3022 Care
1055 2969 1201 3037 contraque
1220 2970 1291 3032 (con-

170 3069 221 3122 que
238 3053 277 3142 Β)
297 3053 379 3108 doctr.
406 3053 508 3110 VRAB
560 3057 700 3126 3petrum
719 3059 747 3111 et
765 3060 900 3111 contraA
971 3058 1030 3110 toto
1047 3054 1076 3109 Β
1131 3055 1240 3110 laedis
1257 3054 1292 3118 B,

169 3131 255 3195 sedes
260 3142 408 3211 apostolica
421 3159 453 3198 aa
466 3143 537 3197 sedis
552 3145 698 3228 apostolice
711 3160 779 3200 corr.
799 3145 826 3198 V
835 3149 941 3199 oram
971 3160 1046 3199 non
1058 3142 1185 3215 probauit
1202 3142 1291 3198 VRA.

168 3228 359 3299 reprobabitB
411 3230 439 3284 id
453 3235 495 3286 est
507 3248 590 3302 usqtee
603 3233 643 3286 ed
655 3234 671 3284 5
685 3233 815 3309 synodum
827 3248 878 3288 om
888 3233 916 3286 Β
970 3235 1073 3302 gestam
1086 3233 1212 3301 aegeatae
1225 3245 1290 3299 corr,

173 3317 316 3372 Vmeod
351 3319 550 3374 tranctasem.
569 3320 596 3373 V
629 3320 1103 3376 solesmenses-remansa
1140 3319 1171 3374 11
1187 3320 1291 3373 euticen

168 3405 221 3460 ΒΑ
230 3410 256 3459 ct
267 3406 375 3474 siefere
387 3423 487 3476 smper
494 3408 579 3476 peric
616 3409 648 3462 13
657 3407 773 3479 perbene
783 3407 820 3463 V:
832 3424 880 3479 per
893 3407 960 3462 bene
969 3407 1004 3472 Β,
1013 3407 1082 3462 bene
1091 3407 1118 3460 A
1131 3448 1142 3474 4
1156 3408 1189 3462 14
1203 3406 1292 3477 quaB

168 3510 241 3546 arran.
260 3496 280 3546 2
297 3495 338 3548 A:
356 3511 423 3563 quse
446 3494 504 3559 VB,
524 3495 595 3564 quod
609 3497 636 3552 R
653 3513 725 3550 men.
739 3502 760 3549 -1
830 3497 930 3550 eutices
949 3494 993 3548 uel
1011 3495 1036 3548 el
1054 3494 1293 3563 eonsentientes-B

170 3608 202 3661 15
224 3608 312 3662 nolint
330 3625 397 3678 quse
414 3610 442 3663 Β
527 3611 558 3664 16
583 3613 658 3680 gesta
675 3610 703 3663 Β
746 3617 749 3627 ’
807 3567 877 3665 nom}
900 3609 926 3663 V
1028 3608 1248 3663 exatitationibus
1264 3609 1293 3662 Β

169 3697 201 3775 ll
219 3695 291 3749 forte
306 3697 333 3752 Β
415 3698 567 3768 ephesinam
579 3697 632 3752 ΒΛ
688 3699 720 3752 19
738 3699 928 3769 depromsimus
946 3696 1017 3763 VA¹,
1036 3696 1290 3768 deprompsemusB

167 3784 272 3854 plenius
289 3785 317 3838 Β
385 3785 603 3857 perpendeutB:
621 3786 819 3857 perpendantur
836 3787 910 3843 VRA
962 3786 998 3842 20
1014 3785 1290 3849 tidem-et'eontraA

110 3932 111 3935 Ἰ
168 3875 259 3926 contra
277 3874 418 3927 ueritatem
435 3890 485 3929 om.
504 3874 532 3927 Β
606 3877 638 3930 21
658 3880 739 3946 atque
758 3875 932 3944 apostolicam
952 3891 1002 3929 om.
1026 3873 1104 3948 VRA
1175 3887 1292 3943 uereque

167 3977 199 4015 ese
217 3976 278 4015 uere
297 3962 342 4030 qui
365 3977 432 4016 corr.
456 3962 483 4016 V
497 3978 571 4016 mee.
593 3965 620 4026 2,
639 3977 701 4015 uere
724 3979 792 4031 quae
809 3962 837 4015 Β
924 3966 997 4016 recta
1014 3962 1052 4015 B·
1130 3962 1164 4016 22
1182 3961 1247 4016 tldei
1262 3960 1291 4016 Β

166 4050 376 4103 communionem
393 4049 428 4114 Β,
448 4050 648 4118 communioque
667 4049 713 4115 A¹,
733 4051 965 4120 communioneque
987 4049 1049 4104 Ger.
1152 4039 1187 4105 23
1206 4049 1291 4110 seelu-

166 4137 252 4193 denda
269 4153 324 4191 ros.
343 4153 376 4197 <a
393 4134 571 4191 seclaudenda
593 4136 619 4190 V
1143 4125 1144 4128 ¹
