2904 4672
618 291 705 361 Epist.
724 291 823 347 XCVII
842 293 955 347 62-67.
1266 300 1329 363 427

200 487 468 569 participationem
504 488 556 551 uel
592 486 735 551 notitiam
772 488 825 551 uel
861 487 1003 567 anditum
1039 489 1092 552 uel
1128 488 1335 555 eruditionem
1365 548 1368 553 .

202 592 378 657 sanctitatis
403 593 550 671 adsumit,
576 613 655 674 quae
679 593 737 656 sub
761 593 981 658 inmundorum
1004 594 1173 677 spirituum
1197 594 1333 661 domina-

201 700 285 765 tione
314 700 487 764 consistens
517 702 549 763 et
576 699 738 765 diabolicis
766 701 1085 783 praeuaricationibus
1119 704 1150 766 et
1182 704 1333 787 contagiis

201 806 377 887 mancipata
412 807 472 870 hoc
508 807 601 870 modo
639 824 762 887 semper
797 805 948 871 inmunda
984 810 1042 884 est,
1083 826 1144 890 quo
1180 812 1334 891 parentes,

170 912 350 991 cquamdiu
373 913 404 976 in
429 912 537 977 eadem
558 913 764 995 peruersitate
788 912 956 977 consistit?
1022 913 1206 997 plerumque
1229 917 1335 979 autem
1346 917 1387 980 66

202 1018 233 1079 et
268 1037 324 1101 per
359 1017 623 1099 anticipationem,
661 1018 745 1099 quod
775 1018 857 1094 <in>
889 1018 1061 1100 scripturae
1093 1023 1217 1084 sanctae
1248 1023 1335 1085 textu

201 1123 395 1205 frequentius
428 1124 596 1201 inuenitur,
629 1124 692 1187 iam
724 1142 794 1188 esse
827 1123 951 1200 dicitur,
985 1124 1069 1206 quod
1100 1125 1243 1189 futurum
1277 1128 1334 1203 est,

201 1229 285 1293 sicut
312 1229 344 1292 in
378 1230 543 1313 euangelio
574 1230 726 1312 legimus:
761 1229 848 1311 quia
878 1230 986 1294 Iesus
1019 1229 1225 1296 moriturus
1258 1231 1336 1295 erat

141 1363 143 1367 ·
200 1355 267 1419 pro
296 1340 405 1420 gente
428 1340 465 1400 et
486 1355 556 1401 non
579 1338 724 1414 tantum
748 1356 811 1432 pro
835 1339 959 1420 gente,
984 1336 1047 1401 sed
1069 1340 1114 1418 ut·
1132 1336 1238 1404 filios
1261 1338 1334 1415 dei,

155 1459 183 1498 ro
202 1442 267 1524 qui
291 1444 394 1505 erant
418 1441 597 1523 dispersi,
622 1445 869 1525 congregaret
887 1443 922 1506 in
941 1462 1065 1508 unum:
1085 1444 1166 1508 filios
1186 1444 1234 1508 dei
1254 1447 1335 1509 certe

200 1547 263 1611 iam
286 1567 480 1630 nuncupans,
505 1548 559 1630 qui
583 1549 683 1612 adhuc
708 1553 813 1613 essent
831 1548 946 1613 diffusa
963 1549 1080 1632 gratiae
1100 1550 1263 1614 uocatione
1281 1569 1336 1632 per

200 1654 353 1717 mundum
387 1655 481 1719 sacris
515 1655 683 1718 innouandi
716 1655 874 1737 mysteriis
903 1655 934 1718 in
963 1655 1013 1719 dai
1038 1654 1120 1721 filios
1149 1650 1332 1739 adoptandi3

201 1760 262 1837 uel,
284 1779 355 1824 cum
375 1760 505 1825 dicitur:
524 1761 626 1824 beati
645 1760 707 1843 qui
725 1770 794 1824 non
813 1761 993 1824 uiderunt
1016 1762 1051 1824 et
1074 1762 1331 1839 crediderunt,

200 1859 264 1929 iam
293 1866 378 1930 beati
400 1860 549 1949 appellati
572 1869 654 1944 sunt,
679 1867 732 1948 qui
756 1867 856 1930 adhuc
879 1871 954 1930 tunc
976 1866 1075 1930 futuri
1097 1867 1220 1931 fuerant
1240 1866 1333 1948 beati,
1369 1919 1373 1927 „

153 1988 183 2030 ιε
201 1990 272 2036 cum
296 1975 409 2047 essent,
435 1992 513 2055 quae
537 1968 597 2037 non
621 1973 773 2050 uiderant,
799 1972 963 2048 credituri3
989 1971 1073 2036 sicut
1097 1976 1128 2036 et
1149 1973 1334 2055 plerumque

201 2095 255 2157 pro
292 2077 442 2142 faciendis
477 2078 539 2142 iam
576 2078 658 2143 iacta
690 2079 875 2153 referuntur,
913 2080 966 2142 ut:
990 2078 1167 2142 foderunt
1206 2097 1333 2142 manus

204 2202 303 2247 meas
323 2186 359 2248 et
376 2185 489 2266 pedes
508 2204 619 2249 meos.
674 2185 750 2248 item
768 2188 930 2266 tamquam
948 2202 1003 2266 pro
1022 2184 1163 2250 faciendo
1179 2183 1385 2260 definitum&

204 2289 288 2370 quod
320 2309 381 2354 non
414 2291 457 2356 sit
488 2311 583 2355 causa
614 2291 754 2372 qualibet
784 2290 1010 2355 interueniente
1037 2289 1222 2367 faciendum,
1252 2289 1336 2354 sicut

202 2395 314 2460 beatus
352 2398 513 2478 apostolus
548 2417 604 2479 pro
639 2396 803 2463 deuotione
835 2395 1075 2480 praedicationis
1106 2395 1269 2460 iniunctae·
1295 2395 1335 2460 ad

156 2523 186 2562 ao
205 2499 334 2584 spanias
363 2522 396 2567 se
423 2503 586 2585 profitetur
613 2503 742 2581 iturum,
767 2504 849 2584 quod
871 2506 975 2566 tamen
1000 2505 1083 2566 certa
1105 2501 1334 2583 dispensatione

204 2607 340 2686 deitatis,
380 2609 463 2691 quod
498 2610 595 2686 fieret,
634 2629 693 2674 non
730 2610 882 2691 prouenit.
920 2610 1008 2685 alter,
1050 2627 1122 2672 cum
1161 2607 1335 2690 appellatur

204 2715 323 2796 aliquid
356 2734 434 2793 esse,
463 2711 568 2801 [quod]
597 2716 656 2780 hoc
682 2716 788 2796 ipsum
815 2733 884 2779 esse
912 2713 1049 2779 cessauit
1075 2713 1127 2778 uel
1154 2715 1333 2779 cessaturus

205 2823 255 2884 est
285 2821 344 2885 hoc
376 2821 481 2902 ipsum
514 2840 592 2897 esse,
626 2822 708 2901 quod
741 2819 864 2899 dicitur,
894 2822 931 2884 ut
956 2819 1051 2884 Iudas
1080 2820 1252 2901 apostolus,
1280 2820 1333 2902 qui

204 2926 455 3008 praemicando,
495 2927 578 3008 quod
615 2931 664 2991 est
699 2928 884 3009 appellatus,
918 2925 1039 3002 amisit;
1073 2927 1157 2990 sicut
1185 2926 1269 2990 idem
1302 2928 1334 2990 et

156 3054 185 3094 aa
204 3032 379 3116 discipulus
402 3033 505 3097 dictus
529 3035 587 3110 est,
611 3052 683 3097 cum
703 3033 827 3116 quidem
846 3045 901 3098 nec
922 3031 1038 3110 Christi
1057 3031 1230 3114 discipulus
1250 3036 1333 3097 esset

205 3139 262 3204 sed
288 3139 393 3221 potins
423 3122 548 3216 diaboli,
576 3139 660 3203 sicut
687 3138 725 3203 de
753 3157 788 3203 eo
813 3138 931 3202 dictum
956 3141 1020 3202 est:
1044 3157 1138 3202 unus
1162 3157 1202 3202 ex
1224 3138 1340 3205 uobis.

205 3245 379 3309 diabolus
404 3251 475 3323 est,
501 3245 584 3328 quod
608 3244 722 3309 diaboli
742 3247 826 3309 esset
845 3243 1018 3327 operarius:
1040 3244 1142 3308 dictus
1162 3247 1330 3310 esttamen

204 3349 390 3433 discipulus,
415 3352 510 3416 etiam
533 3371 604 3416 cum
626 3370 682 3415 nec
705 3371 799 3416 uerus
823 3353 907 3416 osset
929 3354 961 3414 et
984 3353 1162 3415 cessaturus
1181 3351 1241 3415 hoc
1259 3350 1336 3424 dici.⁴

286 3610 557 3681 v81011.11,51sq.
614 3611 722 3672 131011.
742 3610 784 3676 20,
803 3610 837 3664 29
893 3611 926 3664 16
943 3610 1040 3664 Psalm.
1061 3610 1103 3675 21,
1125 3611 1156 3664 17
1206 3611 1329 3665 2011οω.

206 3700 247 3762 15,
267 3700 301 3752 24
355 3700 388 3753 25
408 3699 522 3769 exempli
539 3698 627 3769 gratia
643 3698 700 3754 Ioh.
721 3699 763 3762 12,
781 3699 798 3751 4
852 3697 961 3753 261011.
982 3699 1006 3762 6,
1026 3699 1057 3752 71

241 3841 256 3891 2
276 3841 471 3909 praescripsi:
489 3849 539 3923 que
558 3840 590 3906 V,
609 3856 676 3910 quae
695 3843 737 3894 cst
755 3837 781 3890 0²
793 3844 859 3908 post
876 3839 1028 3908 mancipata
1040 3837 1122 3907 ptem
1139 3839 1331 3909 incapacem

202 3929 267 3980 din
286 3929 350 3982 add.
368 3929 470 3982 Binius
559 3929 592 3982 10
611 3931 805 3998 congregarent
828 3928 858 3990 V,
878 3943 945 3983 corr.
966 3944 979 3996 p
1064 3927 1094 3980 11
1114 3943 1284 3996 nunccupans
1307 3927 1334 3980 V

205 4017 293 4085 gratia
302 4017 457 4071 euocatione
468 4016 499 4081 V,
507 4017 622 4072 correxi:
638 4017 740 4086 gratiae
751 4016 906 4070 euocatione
920 4015 982 4070 Gar.
1021 4015 1052 4068 17
1062 4031 1109 4085 pro
1119 4013 1279 4068 faciendoa‘
1290 4013 1331 4086 9²²

148 4090 151 4096 ’
202 4104 365 4175 proficiendo
389 4103 418 4166 V,
437 4103 586 4174 profitendo
605 4103 633 4157 0²
694 4103 728 4158 20
746 4104 922 4173 Hispaniaso
977 4105 1008 4158 21
1029 4104 1097 4157 alter
1115 4120 1174 4170 cum
1197 4102 1233 4157 V:
1251 4103 1330 4157 aliter
1404 4091 1407 4097 ¹

203 4209 264 4247 cnm
285 4193 368 4256 dirici,
387 4191 522 4247 interdum
540 4191 567 4263 ρ2
619 4193 654 4245 22
673 4190 744 4262 quod
763 4192 826 4247 eieci
897 4194 1059 4246 cessatumm
1079 4209 1106 4261 p
