2904 4672
183 212 226 278 26
327 212 476 268 Marcellini
493 214 522 267 et
539 211 662 266 Faustini
680 212 712 266 de
731 211 897 267 confessione
916 229 996 267 uerae
1014 209 1078 266 fidei
1095 213 1149 266 oto.

178 408 238 472 snb
268 406 363 472 unius
388 405 491 470 fidelis
522 423 618 470 manu
645 408 678 470 et
708 405 767 470 boc
799 407 960 489 spectante
991 423 1066 490 rege
1096 389 1215 484 Acbab,
1252 404 1307 488 qni

126 506 273 579 70falsos
296 512 474 578 sacerdotes
496 511 592 594 impie
614 504 804 578 uindicabat
872 512 928 577 sed
954 530 1010 577 nec
1032 510 1112 577 Iebu
1133 497 1187 576 rer
1207 510 1307 576 Israel

176 618 291 686 detulit
307 617 423 700 impiae
449 616 646 682 multitudini
679 617 891 695 sacerdotum
923 616 1056 700 denique
1078 635 1187 683 omnes
1208 617 1306 683 falsos

175 725 362 802 sacerdotes,
404 723 458 807 qui
494 724 554 789 snb
585 741 659 809 rege
689 722 797 788 Achab
829 723 953 788 fuerant
983 723 1015 787 in
1048 722 1196 801 culmine,
1233 741 1306 788 oum

174 830 323 915 religiosa
344 829 452 894 iraude
474 828 506 893 in
530 827 657 894 domum
678 828 840 914 religionis
862 828 977 912 impiae
992 831 1199 895 condonasset
1214 829 1306 911 quasi
1334 851 1347 892 o

175 956 229 1002 eos
252 940 325 1020 post
346 934 428 1000 ritus
449 934 611 1020 religionis
642 937 907 1012 remuneraturus,
939 934 1034 1000 iussit
1064 933 1176 1015 occidi,
1201 933 1249 998 ita
1270 937 1306 998 nt

174 1061 265 1108 nemo
288 1040 327 1106 de
348 1040 398 1106 his
421 1042 610 1122 superesset,
634 1043 667 1104 et
687 1040 835 1125 legimus,
868 1040 942 1122 quia
968 1041 1007 1106 ob
1038 1040 1097 1105 hoc
1118 1040 1238 1104 factum
1260 1039 1305 1105 ita

125 1162 130 1170 ·
174 1147 294 1231 placuit
316 1146 500 1224 domino,nt
521 1145 579 1210 tilii
598 1145 741 1212 eiusdem
757 1147 842 1232 regis
857 1149 968 1230 quana
989 1145 1139 1232 progenie
1160 1145 1304 1211 sederent

123 1249 162 1313 71
174 1254 206 1318 in
229 1253 340 1318 throno
362 1252 471 1317 Israel.
496 1256 571 1317 suut
592 1255 624 1316 et
642 1251 703 1316 alia
716 1252 816 1316 mulia
830 1251 992 1316 simillima
1006 1251 1156 1335 exempla.
1223 1271 1302 1333 quae

174 1356 299 1442 quidem
331 1376 389 1423 nos
420 1376 481 1422 non
512 1356 583 1422 ideo
616 1357 760 1424 dicimus.
794 1357 883 1442 quasi
915 1357 969 1441 qui
1000 1356 1137 1422 uelimus
1169 1356 1303 1423 alicuius
1322 1382 1346 1422 ro

174 1463 359 1549 sanguinem
389 1462 492 1527 fundi:
525 1462 609 1528 absit
638 1461 699 1527 hoc
730 1463 856 1529 auctis
887 1463 1017 1539 nostrin
1048 1462 1108 1529 boc
1140 1462 1223 1527 enim
1250 1465 1304 1546 qui

173 1587 255 1634 nnnc
277 1567 345 1633 lieri
368 1568 465 1650 cupit,
498 1568 652 1633 exorbitat
683 1585 702 1631 a
733 1568 858 1655 legibus
886 1567 1080 1636 Christianis.
1112 1569 1304 1634 factumest

174 1673 300 1758 quidem
322 1676 408 1751 tane,
433 1673 505 1756 quia
528 1677 561 1737 et
581 1673 637 1738 illo
660 1675 800 1756 tempore
821 1673 855 1739 id
876 1673 982 1757 ipsum
1013 1673 1120 1740 diuina
1144 1673 1215 1759 lege
1236 1673 1304 1741 lieri

172 1779 297 1856 licebat,
331 1778 453 1862 qnando
485 1777 588 1844 adhuc
622 1782 725 1845 totum
772 1780 974 1862 corporaliter
1008 1780 1167 1866 agebatur,
1203 1779 1303 1846 donec

173 1888 327 1951 cresceret
347 1886 513 1951 instructio
537 1884 699 1969 spiritalis.
723 1885 779 1951 sed
801 1905 872 1964 aon,
896 1885 969 1970 quia
991 1884 1118 1968 quidem
1140 1904 1222 1954 nunc
1240 1904 1303 1952 non
1322 1910 1349 1951 ra

172 1990 247 2056 licet
268 1990 360 2056 bonis
383 1995 416 2056 et
431 1990 578 2056 fidelibus
592 1992 744 2056 falsorum
759 1991 957 2057 sacerdotum
980 1990 1162 2076 sanguinem
1177 2009 1303 2074 cupere,

172 2094 289 2161 idcirco
312 2095 420 2168 fideles
433 2094 522 2160 falsis
536 2095 752 2161 sacerdotibus
767 2095 932 2162 addicendi
950 2098 1034 2175 sunt,
1057 2096 1103 2162 ita
1123 2099 1161 2161 nt
1183 2096 1304 2181 grauis-

121 2202 163 2266 72
172 2199 262 2266 simis
293 2219 401 2267 eoram
431 2200 701 2283 persecutionibus
739 2202 928 2286 affligantur.
994 2203 1111 2268 falsum
1145 2201 1304 2268 uideatur.

171 2306 255 2391 quod
279 2305 424 2386 dicimus,
447 2306 476 2372 si
498 2325 558 2372 non
582 2308 677 2372 uariis
700 2308 732 2372 in
754 2309 833 2373 locis
865 2309 1017 2374 ecclesiae
1039 2306 1180 2372 fidelium
1202 2325 1305 2372 sacer·

173 2412 280 2478 dotum
305 2411 381 2479 alibi
402 2411 530 2478 inrasae
554 2417 586 2478 et
609 2412 684 2478 alibi
706 2414 882 2479 destructae
906 2416 989 2492 sunt,
1021 2413 1049 2478 si
1071 2432 1132 2478 non
1156 2413 1304 2496 interpel·
1321 2443 1350 2481 so

171 2517 342 2585 latioribus
363 2519 491 2584 illorum
515 2519 615 2584 suncti
638 2519 753 2603 quique
776 2519 990 2602 comprehensi
1003 2522 1036 2594 et
1049 2518 1103 2584 diu
1117 2517 1157 2584 ad
1171 2518 1304 2584 iniurias

170 2623 285 2689 inclusi
317 2627 349 2689 et
378 2627 538 2706 postremo
561 2625 653 2690 missi
684 2630 758 2690 sunt
788 2625 980 2703 inexilium,
1009 2624 1037 2689 si
1068 2643 1128 2690 non
1152 2624 1246 2690 etiam
1271 2628 1305 2690 et

172 2729 266 2795 ceteri
289 2729 416 2812 quidam
438 2730 470 2794 in
493 2749 626 2810 carcere,
658 2731 711 2796 alii
735 2733 840 2796 autem
862 2733 963 2796 tractu
987 2735 1018 2795 et
1045 2730 1138 2796 caede
1170 2731 1304 2794 mulcati

171 2827 523 2915 animas'reddiderunt,
548 2837 728 2903 abruliam
752 2837 995 2915 aliameansam,
1010 2855 1103 2919 quam
1127 2835 1201 2918 quia
1213 2839 1303 2900 metu

171 2941 271 3006 diuini
293 2940 403 3007 iudicii
433 2942 581 3007 nolebant
611 2944 839 3009 communicare
872 2962 944 3009 curn
971 2941 1097 3024 perfidis
1129 2941 1181 3006 nel
1205 2939 1302 3006 sociis
1320 2974 1349 3014 2⁵

120 3050 161 3114 73
171 3046 367 3131 perfidorum.
435 3047 466 3111 in
502 3047 653 3132 Hispania
676 3048 860 3114 Uincentius
902 3048 1064 3133 presbyter
1097 3066 1191 3113 uerae
1225 3046 1302 3119 fidei

171 3153 303 3219 antistes
327 3173 404 3237 quas
436 3172 497 3219 non
528 3154 709 3221 atrocitates
731 3154 1014 3238 praeuaricatorum
1037 3173 1150 3237 passus
1179 3159 1238 3220 est.
1263 3175 1301 3221 eo

172 3258 255 3343 qnod
285 3259 385 3325 nodet
416 3278 485 3330 esse
513 3260 618 3326 socius
649 3261 765 3344 impiae
796 3258 1070 3343 praeuaricationis
1101 3259 1239 3336 illorum,
1263 3282 1300 3328 eo

171 3364 255 3448 qrrod
276 3365 459 3436 beatissimo
484 3364 633 3451 Gregorio
658 3360 909 3443 communicaret,
943 3367 990 3431 illi
1015 3365 1176 3450 Gregorio,
1209 3367 1300 3434 cuius

170 3488 275 3554 snpra,
297 3474 335 3536 ut
356 3470 529 3553 potuimus,
542 3470 637 3538 fidem
650 3472 861 3556 uirtutemque
875 3473 1066 3541 retulimus?
1080 3477 1187 3538 eontra
1206 3492 1298 3556 quern
1317 3503 1344 3542 ao

259 3696 276 3749 2
295 3696 329 3750 ci.
348 3694 489 3766 Regnll'
509 3696 550 3764 10,
571 3697 603 3751 19
621 3710 679 3766 sqq.
734 3697 750 3751 7
769 3697 855 3767 Regu.
873 3697 911 3750 IV
931 3697 975 3763 10,
985 3688 1026 3752 'ab

209 3835 343 3890 lmannrn
363 3836 394 3891 V.
408 3852 510 3892 corno
555 3835 677 3909 2ien<V
720 3837 1302 3896 smuldtadinioatm.sma1tituilunv
1393 3903 1396 3908 ,

172 3915 327 3978 lachah?
374 3924 408 3978 12
422 3921 554 3978 exorbitat
567 3940 584 3978 a
597 3942 623 3977 o:
643 3923 795 3980 euorbitata
811 3923 838 3979 1⁷
869 3927 921 3981 *14
937 3923 1087 3996 agebantur
1109 3925 1136 3980 V
1182 3928 1216 3984 lt
1235 3929 1299 3999 quia

173 4009 279 4079 quidem
296 4010 407 4079 scripsi:
425 4010 553 4082 quicquid
571 4001 603 4078 V,
621 4028 684 4081 quia
702 4011 729 4063 ο2
782 4013 815 4068 l‘l
833 4012 957 4068 edicendi
975 4012 1007 4078 V,
1026 4030 1093 4071 corr.
1108 4032 1122 4065 ο
1175 4015 1211 4069 23
1229 4015 1298 4069 niul·

172 4097 238 4152 etati
324 4098 360 4152 26
376 4098 507 4170 hyspania
530 4097 557 4152 V
