2904 4672
174 257 237 320 368
456 253 577 308 Gelasius
596 255 616 308 1.
636 253 669 308 ad
688 255 826 324 episcopos
843 253 996 308 Dardaniae

174 449 342 532 gentilibus
366 452 398 523 et
419 449 542 512 Iudaeis
566 452 598 512 et
620 448 783 513 haereticis
806 468 866 512 uon
888 448 1031 513 inmerito
1060 447 1246 530 praebentes
1264 447 1294 510 iu

172 555 287 636 ipsum,
324 553 405 635 quod
441 553 533 630 absit,
569 554 694 618 tendere
734 553 899 623 uideantur
938 553 1099 636 religionis
1140 552 1293 616 excidium

174 660 326 743 digneque
348 659 411 723 ista
432 659 616 723 iacientibus
640 659 797 741 aptabitur
817 659 873 722 illa
895 659 1049 723 sententia
1071 657 1207 722 dicentis
1225 677 1294 739 apo-

174 765 265 829 stoli:
310 784 438 829 nomeu
484 764 578 827 ouinr
624 765 680 828 dei
724 783 788 847 per
832 783 898 829 uos
937 763 1221 847 blasphematur
1260 764 1294 827 ιι

121 865 373 955 33gentibus?
440 870 576 934 sufficiat
601 870 699 952 igitur
724 871 874 934 hacteuus
901 869 977 934 haec
998 870 1098 934 fuisse
1130 870 1297 936 commissa
1322 889 1333 928 ι

173 978 214 1052 ιι,
233 981 269 1040 ιι
286 976 427 1058 placetur
444 975 531 1051 deus,
551 975 694 1039 humanis
712 975 806 1039 rebus
825 975 994 1040 sollicitius
1014 976 1122 1042 diuina
1140 977 1294 1040 curentur.

173 1099 325 1162 nusquam
349 1083 453 1144 locum
476 1099 602 1161 prorsus
620 1080 759 1144 iuueuiat
781 1080 935 1162 praefatae
957 1083 1055 1163 pestis
1079 1081 1220 1146 adsertor
1241 1098 1295 1144 nec

173 1204 334 1251 accessum
356 1204 483 1268 prorsus
507 1186 655 1250 ecclesiae
674 1186 726 1249 uel
744 1205 876 1269 usquam
900 1187 1171 1270 participationem
1194 1186 1295 1260 catho-

172 1292 251 1356 licae
275 1291 500 1354 communionis
524 1291 672 1368 inueniat,
692 1291 745 1372 qui
763 1292 988 1376 haereticorum
1006 1292 1130 1356 mauult
1148 1290 1297 1372 subsequi

172 1396 287 1461 nefaria
312 1395 503 1478 professione
530 1397 739 1474 consortium3
764 1400 796 1461 et
817 1397 861 1475 hi,
885 1416 954 1462 curn
979 1396 1093 1478 quibus
1117 1398 1208 1461 autea
1229 1414 1295 1480 pro·
1314 1417 1335 1458 ιι

172 1502 298 1566 habitur
328 1502 453 1566 noxium
485 1503 650 1567 miscuisse
683 1503 869 1586 conlegium,
892 1502 953 1567 nisi
984 1502 1174 1583 resipiscunt
1205 1504 1237 1566 ot
1259 1501 1296 1566 ab

64 1682 67 1686 ,
122 1649 124 1653 v
173 1607 242 1671 eius
265 1607 413 1671 societate
433 1607 607 1684 discedunt,
627 1607 664 1671 ab
684 1607 896 1673 ecclesiastico
915 1607 1027 1672 remoti
1046 1607 1174 1671 seruitio
1194 1606 1298 1671 debita

173 1712 291 1777 ultione
314 1698 499 1794 plectantur,
523 1733 584 1795 quo
609 1714 719 1778 ceteris
743 1712 872 1778 cauendi
895 1712 1090 1778 ministretur
1111 1712 1296 1795 exemplum.

121 1816 295 1881 34nullum
319 1816 409 1881 adeat
431 1836 487 1881 nec
514 1836 662 1900 umquam
689 1819 774 1901 loqui
802 1819 963 1883 damnatas
987 1817 1062 1882 olim
1084 1816 1296 1898 blasphemias

172 1915 235 1987 iam
259 1921 388 1988 sinatur.
413 1923 545 1987 discreta
567 1923 633 1987 suis
657 1923 902 1988 habitationibus
925 1923 1064 1987 uirorum
1087 1924 1182 2004 atque
1210 1921 1337 1990 femi-rs

173 2046 293 2104 narum,
317 2028 400 2092 siout
431 2030 574 2092 sanctum
605 2030 799 2111 propositum
832 2029 930 2106 decet,
959 2031 1136 2093 exerceatur
1168 2027 1297 2092 circum·

174 2136 281 2218 specta
304 2133 440 2198 deuotio.
464 2137 571 2198 contra
593 2153 746 2199 canonum
770 2135 941 2199 constituta
963 2134 1068 2197 nullus
1092 2133 1131 2197 ad
1153 2132 1297 2197 ecclesia-

175 2240 289 2305 sticum
311 2238 458 2320 permit
458 2241 510 2302 ιιι·
458 2237 679 2316 torticium,
698 2258 758 2305 uon
782 2238 970 2322 ignoraturis
992 2237 1171 2322 prouinciae
1193 2236 1297 2301 unius·

170 2344 327 2426 cuiusque
353 2344 526 2410 rectoribus
554 2364 610 2409 nec
638 2345 675 2410 do
702 2345 878 2427 praeteritis
906 2363 941 2410 se
966 2344 1091 2409 ueniam
1122 2347 1310 2425 reperturos

122 2429 338 2528 3borroribus,
363 2450 390 2514 si
413 2450 559 2531 deinceps
583 2451 850 2516 dissimulaueriut
872 2450 972 2516 uitare
994 2450 1179 2534 patefactos
1241 2466 1298 2512 neo
1314 2471 1337 2511 so

174 2555 380 2624 excusationis
409 2555 446 2620 de
473 2558 575 2620 cetero
602 2555 794 2638 relinquetur
820 2556 953 2632 occasio,
981 2555 1009 2619 si
1034 2557 1108 2636 post
1133 2555 1298 2636 praecepta

173 2660 357 2744 praesentia,
376 2680 455 2743 quae
477 2680 533 2742 per
553 2663 724 2727 Romulum
747 2661 921 2740 diaconum,
940 2660 1030 2726 cuius
1053 2659 1225 2725 sollertiam
1236 2661 1296 2742 'pro

173 2765 234 2830 fida
256 2767 410 2831 catholiea
432 2770 464 2830 ιι
482 2785 539 2850 pro
561 2768 712 2850 religione
734 2766 931 2851 uigilantium
958 2765 1136 2850 gratissime
1160 2763 1297 2847 compro·
1330 2843 1332 2846 Α

173 2871 294 2946 bamus,
318 2871 462 2960 duximus
475 2872 678 2949 destinanda,
702 2872 868 2955 quisquam
892 2871 1056 2954 superbis
1079 2870 1225 2935 omuibus
1244 2880 1298 2935 aut

174 2979 369 3060 contemptor
391 2980 446 3043 aut
467 2978 633 3062 neglegens
657 2977 904 3061 deprehendetur
925 2969 1067 3042 antistes.
1099 2976 1184 3041 sicut
1214 2975 1296 3040 enim
1312 2999 1337 3042 ιι

174 3082 214 3147 ad
230 3081 315 3147 sadis
333 3084 520 3164 apostolicae
537 3083 748 3148 moderamina
764 3083 900 3167 pertinet
917 3081 1038 3148 cunctis
1052 3080 1297 3146 sollicitudiuem

174 3188 312 3255 debitam
342 3188 516 3253 ministrare
548 3193 752 3274 congruentor
783 3188 934 3266 eeclesiis,
957 3188 1003 3252 ιιι
1028 3204 1156 3252 necesso
1179 3187 1239 3265 est,
1261 3190 1298 3251 ut

172 3293 205 3358 iu
223 3295 423 3359 contumaces
437 3295 470 3358 ot
483 3293 605 3359 desides
623 3294 770 3359 traditam
787 3293 848 3357 sibi
868 3293 1020 3359 diuinitus
1037 3311 1099 3357 nou
1118 3291 1298 3358 dissimulet

174 3401 371 3483 potestatem.
438 3398 511 3463 Dat.
534 3399 605 3463 Kal.
628 3399 710 3463 Nou.
734 3399 847 3464 hlhiuo
869 3419 902 3463 u.
925 3417 953 3463 c.
977 3417 1062 3463 cons.
1089 3403 1092 3408 '

261 3589 278 3642 4
295 3589 370 3645 Rom.
390 3589 414 3652 2,
434 3589 468 3642 24

209 3710 380 3780 dplacestur
402 3709 433 3774 V,
451 3725 552 3764 cornu
616 3711 647 3763 ll
667 3709 827 3779 colloquium
848 3691 912 3764 Cor.
976 3710 1009 3763 12
1026 3708 1119 3763 debita
1139 3709 1234 3767 Tolet-
1250 3709 1294 3764 de·

124 3823 126 3826 >
174 3800 239 3852 uota
260 3797 287 3851 V
321 3798 353 3851 14
370 3813 482 3868 usquam
505 3797 568 3863 Car.
604 3798 638 3866 ib
656 3797 771 3852 discreta
788 3795 826 3849 οἰ
845 3795 1039 3851 disceretaV
1074 3798 1107 3851 1'6
1125 3802 1247 3853 exerceat
1264 3797 1293 3860 V,

174 3888 275 3942 'cosmo
328 3886 363 3940 20
380 3885 529 3956 patefactas
551 3884 583 3948 V,
600 3898 669 3940 corr.
688 3883 715 3954 p²
765 3885 801 3938 24
818 3884 1004 3938 destinandam
1026 3884 1057 3949 V,
1076 3900 1145 3940 corr.
1165 3884 1193 3956 ρ’
