2904 4672
547 277 633 348 sopiat.
652 277 789 334 nxxxnr
809 280 955 335 ros-aco.
1250 283 1313 346 285

191 468 332 534 eiusdem
355 469 477 554 generis
499 470 712 535 inuisibilibus
736 475 767 538 et
788 473 1026 539 rationabilibus
1050 473 1246 553 substantiis,
1265 474 1317 538 hic

191 574 318 657 quidem
339 578 535 659 praesentem
556 577 799 642 mutabilitatem
822 579 899 662 pati,
918 581 956 643 nt
973 580 1123 663 optimam
1141 580 1319 644 erudiamur

190 679 363 746 doctrinam
393 681 609 773 religiositatis
645 686 677 748 et
713 683 752 748 ad
787 684 1029 750 beniuolentiam
1065 685 1316 751 constituamur‘:

192 786 307 869 quibus
333 787 438 853 uerbis
466 789 494 855 si
522 792 554 854 et
580 789 683 874 angeli
709 790 790 854 lucis
817 792 849 855 et
873 791 1040 862 'uniuersae
1063 791 1215 856 caelestes
1236 790 1318 853 inni-

158 891 363 976 ssibilesqne
389 895 524 962 uirtutes
552 897 598 960 sic
625 897 829 962 mutabilitati
861 897 1012 962 hactenns
1044 898 1204 962 subiacere
1236 897 1321 962 sicut

190 991 347 1064 hnmanae
370 1003 490 1068 animae
513 1006 702 1081 asseruntur,
725 1004 891 1074 ¹anathema
913 1004 964 1069 sit.

546 1215 548 1219 ·
636 1194 796 1269 Capitulum
817 1164 875 1255 nx.
1344 1185 1404 1250 197

242 1320 318 1380 Nam
350 1320 460 1379 sciebat
490 1319 614 1394 quidem,
647 1321 723 1400 qnod
754 1321 918 1394 peccabunt
947 1319 1118 1390 omnimodo,
1146 1319 1323 1379 concedebat

196 1425 267 1468 nero
289 1409 345 1468 hoc
367 1408 428 1467 lieri
452 1408 583 1483 expedire
607 1409 648 1466 eis
666 1425 859 1482 cognoscens:
884 1409 1015 1483 qnoniam
1035 1427 1088 1468 nec
1108 1415 1168 1467 erat
1184 1408 1321 1481 possibile

153 1517 180 1558 ro
200 1514 273 1568 enm,
293 1497 352 1572 qui.
375 1514 439 1556 cum
461 1497 561 1557 facerit
582 1513 641 1556 non
664 1497 826 1569 existentes,
851 1499 880 1555 et
900 1499 1045 1556 tantorum
1068 1497 1181 1571 quidem
1204 1497 1323 1555 demon·

200 1587 335 1647 stranerit
361 1585 500 1656 dominos,
528 1589 609 1658 tanta
635 1602 701 1645 nero
732 1586 810 1645 bona
839 1586 1029 1660 proposuerit,
1056 1589 1090 1644 nt
1115 1586 1156 1644 eis
1181 1585 1321 1654 fruantur,

199 1691 259 1734 non
290 1674 442 1748 prohibere
473 1674 585 1748 peccati
615 1674 734 1744 aditum,
762 1675 787 1733 si
819 1670 950 1748 expedire
978 1673 1019 1732 eis
1045 1675 1100 1734 hoc
1128 1674 1321 1748 commacerat.

199 1763 251 1822 sed
279 1763 355 1822 enim
381 1780 439 1822 non
467 1765 529 1825 erat
553 1762 691 1837 possibile
717 1779 771 1821 nos
798 1763 881 1821 aliter
903 1763 1011 1821 discere
1032 1764 1182 1838 peccatum
1205 1764 1234 1820 et
1254 1778 1320 1835 pes·
1347 1753 1409 1818 198

201 1851 314 1911 monum
340 1851 499 1911 molestiam
527 1853 556 1910 et
578 1851 718 1921 deteriora
741 1854 770 1909 et
790 1853 916 1909 nostram
939 1850 1129 1910 infirmitatem
1152 1851 1183 1908 in
1204 1849 1250 1908 his
1272 1849 1323 1907 de-

154 1961 182 2001 ιι
200 1941 416 1999 monstrandam
439 1941 476 1999 ad
499 1940 705 1998 ostendendam
727 1940 952 2014 magnitudinem
974 1939 1215 2008 immutabilitatis,
1238 1955 1323 2012 qnam

200 2031 304 2102 postea
334 2028 419 2088 nobis
452 2032 529 2087 esset
559 2029 725 2097 donaturus,
758 2029 814 2088 nisi
845 2029 887 2088 sic
918 2029 954 2088 ab
986 2027 1067 2087 initio
1099 2028 1170 2086 baec
1200 2026 1324 2101 fuissent

203 2135 221 2176 a
243 2118 296 2176 deo
320 2117 496 2192 dispensata,
519 2118 553 2174 ut
573 2117 788 2176 conlatione'et
810 2107 1192 2192 experimentoinfinitomm
1209 2115 1322 2173 illorum

203 2206 343 2265 bonorum
373 2213 523 2279 possemne
554 2207 627 2264 scire
657 2205 897 2281 magnitudinem:
930 2208 959 2264 et
988 2205 1073 2264 buius
1104 2204 1197 2277 gratia
1224 2204 1323 2276 utpote

204 2294 384 2369 profuturum
406 2294 491 2354 nobis
512 2297 660 2368 peccatum
683 2295 790 2352 intrare
808 2294 954 2353 dimittens
971 2310 1104 2369 magnum
1122 2293 1152 2350 in
1171 2292 1231 2350 eins
1248 2290 1324 2350 bello

155 2377 336 2452 maurilium
358 2382 478 2444 inuenit.
1219 2413 1220 2416 =

239 2501 276 2566 In
313 2520 406 2584 supra
442 2501 557 2584 scripto
590 2502 783 2586 sexagesimo
815 2501 952 2583 capitulo
985 2500 1108 2577 dicitur,
1141 2499 1215 2580 quia
1245 2497 1322 2583 deus
1348 2493 1411 2560 199

198 2606 299 2672 sciens
322 2607 480 2672 hominem
502 2611 704 2691 peccaturum
726 2606 796 2672 ideo
821 2625 948 2689 peccare
970 2605 1154 2689 permiserit,
1174 2604 1323 2687 quiahoc

199 2712 228 2775 ci
264 2715 394 2778 nouerat
431 2712 582 2796 expedire,
620 2716 652 2777 et
687 2717 851 2796 propterea
881 2731 943 2776 non
975 2704 1173 2793 prohibuisse
1204 2709 1325 2792 peccati

199 2817 328 2894 aditum,
361 2818 435 2901 quia
470 2818 516 2883 sic
551 2820 589 2882 ab
625 2818 715 2884 initio
752 2838 770 2883 a
806 2819 863 2899 deo
897 2818 993 2883 fuerit
1028 2817 1251 2899 dispensatum,
1288 2817 1325 2878 ut

153 2955 181 2996 ιι
200 2924 373 2989 conlatione
404 2927 437 2988 et
468 2923 675 3006 experimento
706 2924 896 3000 infinitorum
924 2925 1050 2989 illorum
1066 2923 1228 2987 ‘bonorum
1254 2939 1324 3003 pos·
1372 2912 1375 2914 ’

176 3026 305 3095 ¹semus
337 3030 416 3095 scire
446 3029 703 3114 magnitudinem,
736 3032 768 3094 et
798 3029 893 3094 buius
920 3030 964 3095 rei
992 3028 1092 3112 gratia
1118 3029 1227 3109 utpote
1255 3045 1323 3108 pro·

199 3136 340 3201 futurum
362 3136 452 3200 nobis
474 3140 638 3218 peccatum
657 3137 770 3202 intrare
788 3134 948 3200 dimittens
967 3154 1114 3219 magnum
1132 3133 1163 3197 in
1183 3132 1324 3197 eiusdem

200 3243 321 3325 pcccati
346 3243 429 3309 ballo
457 3242 606 3307 auxilium
633 3241 786 3306 inuenerit
812 3241 922 3307 homo:
943 3260 1029 3324 qnae
1056 3241 1152 3304 uerba
1178 3239 1322 3321 qnoniam
1345 3229 1410 3303 200

289 3435 305 3487 7
324 3432 388 3502 Cep.
400 3432 448 3487 LX
461 3456 494 3479 =
509 3433 568 3487 let.
583 3432 646 3501 Syn.
665 3432 805 3486 61:⁴1rem
822 3431 939 3487 dandene
956 3431 1003 3500 (sc.
1017 3428 1159 3498 Theodori)
1178 3445 1210 3482 ca
1227 3429 1321 3497 quinto
1351 3488 1353 3492 ι

202 3521 280 3576 libro'
300 3524 346 3590 (sc.
367 3520 399 3575 de
419 3523 549 3587 creatura)
572 3519 604 3574 0¹

238 3629 251 3681 l
271 3627 453 3684 inuisibilibns
470 3626 703 3682 inrationabilibus
727 3627 758 3690 V,
778 3642 845 3680 corr.
864 3626 891 3678 o²
956 3625 972 3678 2
991 3623 1093 3693 optima
1107 3666 1113 3678 .
1127 3663 1133 3675 .
1148 3621 1270 3675 doctrina
1292 3619 1323 3685 V,

202 3717 307 3778 correct
367 3716 565 3786 treligiositas
588 3715 619 3779 V,
639 3729 739 3770 corno
801 3713 984 3784 Spectabunt
1001 3711 1108 3764 omnino
1130 3709 1161 3764 0¹
1230 3708 1262 3763 10
1280 3724 1322 3762 cx·

201 3807 291 3859 tantos
312 3803 405 3873 0¹(02)
451 3806 482 3859 11
503 3804 624 3859 dominus
646 3803 678 3858 0¹
724 3804 756 3857 12
776 3817 962 3871 cognoscerem
985 3799 1017 3854 0¹
1066 3799 1099 3852 15
1113 3785 1322 3852 hostendendam

201 3894 389 3964 magnitudine
411 3894 438 3949 V
538 3893 758 3948 immutabilitatis
776 3888 1049 3946 commutabilitates
1068 3903 1136 3941 corr.
1158 3884 1190 3939 0¹
1211 3886 1322 3939 man.2

205 3983 237 4036 17
256 3984 462 4053 experimentum
484 3982 517 4037 0¹
572 3981 605 4037 18
623 3998 759 4052 possemus
781 3979 888 4048 0¹(O³,:
908 3976 1093 4049 possumnsV
1175 3971 1327 4042 gratich

203 4071 237 4124 22
255 4074 421 4141 pcccatorum
445 4072 477 4135 V,
496 4087 563 4126 corr.
582 4069 610 4121 ο2
684 4071 717 4125 25
736 4085 875 4140 possumus
897 4067 928 4132 V,
948 4082 1015 4121 corr.
1034 4063 1061 4117 ο2
1136 4061 1170 4117 28
1187 4059 1323 4115 inuenerit

204 4175 270 4215 corr.
284 4176 322 4214 ccc
338 4160 471 4214 inueneris
493 4158 520 4213 V
