2904 4672
571 282 657 352 Epist.
677 281 813 336 nrxxur
832 281 981 336 nor-aer.
1273 285 1336 349 287

208 478 305 542 entali
341 477 457 560 synodo
496 477 535 540 ad
573 476 640 540 eius
676 476 797 540 litteras
833 475 1054 539 rescribentem
1090 475 1170 538 iuter
1202 474 1262 539 alia
1292 475 1338 540 ita

207 584 340 648 dixisse:
365 603 462 666 quae
485 585 644 666 prolata
667 586 728 646 est
750 581 788 645 in
809 584 945 646 sancta
964 581 1112 664 synodo
1131 582 1337 662 Ephesena

208 689 402 755 definitio
431 690 564 754 ueluti
592 711 609 753 a
632 689 837 752 Theodoro
862 687 1065 768 deposita,
1090 687 1217 752 sicuti
1242 687 1335 752 offe-

205 800 342 860 rentes
372 797 576 872 dicebant,
606 795 709 859 nihil
742 794 889 858 habens
929 813 1080 873 sanum,
1120 793 1336 858 euacuauit

173 903 367 984 squidem
396 921 476 966 eam
510 906 650 966 sancta
680 900 855 984 synodus
888 900 1021 965 ueluti
1053 914 1335 981 peruersarum

204 1011 363 1091 plenam
390 1007 776 1091 intellegentiarum.
806 1007 1069 1071 condemnans
1094 1010 1223 1071 autem
1247 1024 1333 1084 eos,

206 1116 274 1198 qui
297 1115 356 1178 sic
380 1114 559 1196 sapiunt,
584 1112 867 1196 dispensatiue
889 1112 1132 1177 mentionem
1154 1112 1333 1176 ui1·inon

204 1221 306 1285 fecit
333 1240 461 1301 neque
490 1239 574 1282 eum
602 1219 840 1284 nominatim
864 1218 1113 1282 anathemati
1145 1216 1333 1282 subdidit

203 1346 328 1408 neque
370 1327 480 1391 alios.
522 1326 622 1408 ipsam
662 1345 736 1389 uero
778 1326 930 1407 synodum
970 1325 1164 1406 Ephesenam
1201 1323 1332 1406 primam
1356 1322 1419 1387 205

160 1465 185 1505 10
204 1432 338 1496 sollicite
369 1434 566 1496 recensentes
598 1431 676 1494 nihil
709 1430 745 1494 de
777 1429 931 1495 Theodori
956 1430 1173 1511 Mopsuesteni
1200 1448 1331 1514 persona

201 1537 315 1602 referre
339 1537 547 1619 comperimus
571 1536 625 1600 sed
654 1537 840 1619 symbolum,
870 1535 953 1618 quod
981 1535 1142 1600 Charisius
1169 1537 1331 1619 presbyter

200 1643 267 1707 illic
298 1643 443 1726 prodidit,
476 1642 576 1727 magis
610 1642 683 1724 quia
714 1643 751 1706 ab
784 1642 949 1707 Anastasio
983 1644 1014 1706 et
1045 1642 1145 1720 Fotio,
1175 1643 1228 1724 qui
1257 1645 1329 1706 tunc

201 1750 351 1830 temporis
383 1750 538 1814 haeretIco
570 1749 715 1817 NestorIo
748 1748 964 1826 adhaerebant,
1000 1768 1056 1830 per
1091 1748 1259 1813 Antonium
1298 1752 1329 1812 et

200 1855 349 1920 Iacobum
379 1854 503 1921 nomina
539 1858 661 1920 tantum
698 1856 948 1937 presbyterorum
985 1855 1139 1927 habentes
1172 1855 1210 1918 ad
1246 1855 1327 1919 Fila·

158 1997 183 2036 15
202 1960 355 2026 delfomm
380 1961 527 2026 ecclesias
563 1961 658 2026 fuerit
681 1960 881 2024 destinatum.
914 1981 948 2024 ex
981 1981 1041 2042 quo
1075 1962 1170 2025 claret
1201 1961 1327 2025 beatum
1351 1961 1413 2024 206

201 2067 361 2150 Cyrillnm,
398 2068 457 2131 hoc
496 2067 577 2149 quod
599 2086 669 2148 vper
705 2066 818 2131 litteris
854 2067 1026 2148 profitetur,
1064 2087 1081 2131 a
1118 2067 1326 2149 prolatoribus

200 2174 323 2238 scilicet
351 2174 485 2256 symboli
507 2175 568 2237 iam
594 2173 730 2240 defuncti
754 2174 907 2238 Theodori
930 2174 1068 2256 episcopi
1092 2193 1204 2238 nomen
1227 2174 1325 2238 fuisse

199 2278 347 2354 delatum,
380 2297 438 2343 sua
468 2279 664 2360 prouidentia
694 2279 938 2344 ecelesiasticam
969 2279 1212 2344 moderationem
1245 2279 1325 2343 clrca

197 2388 356 2449 mortuum
381 2384 533 2466 sapientia
555 2385 738 2449 sacerdotali
761 2389 937 2451 seruantem
960 2386 1100 2449 noluIsse
1122 2404 1233 2451 nomen
1256 2385 1323 2449 eius

152 2532 179 2570 ,0
197 2510 236 2554 ne
257 2480 467 2554 monumentis
492 2491 616 2572 quidem
641 2491 842 2573 synodalibus
864 2494 990 2573 propter
1010 2491 1159 2575 regulam,
1184 2509 1262 2572 quae
1285 2490 1323 2553 de

197 2596 330 2660 mortuis
344 2595 385 2688 3in
409 2595 581 2660 sacerdotio
605 2596 756 2660 seruanda
778 2599 836 2672 est,
861 2591 1018 2664 contineri,
1044 2594 1198 2678 quomodo
1217 2598 1322 2658 autem
1345 2594 1408 2658 207
1438 2645 1441 2651 .

284 2819 301 2872 2
329 2817 422 2888 Cyrilli
450 2818 482 2871 ad
509 2819 657 2872 Iohannem
685 2819 810 2888 epistula.
834 2835 865 2872 ex
890 2836 942 2888 qua
968 2822 996 2873 et
1020 2820 1086 2874 haec
1109 2823 1137 2875 et
1159 2836 1227 2889 quae
1251 2819 1321 2872 intra

195 2927 222 2979 p.
237 2908 298 2967 288,
312 2908 329 2960 4
344 2923 400 2976 sqq.
416 2906 571 2960 adferuntur
584 2907 666 2960 uerba
685 2907 826 2976 desumpta
844 2911 908 2960 sunt
921 2909 1042 2966 (tertium
1057 2908 1174 2962 eiusdem
1191 2908 1320 2978 epistulae

194 2996 377 3066 fragnrentum
395 2995 515 3048 sernsrut
532 2994 683 3059 Facundus,
701 2996 742 3050 De
761 2995 813 3049 def.
832 2999 865 3050 tr.
885 3012 940 3063 esp.
959 2995 1024 3050 VIII
1037 2997 1053 3050 t
1066 3019 1099 3044 -ε
1112 2997 1204 3065 Migne
1222 2995 1320 3052 LXVII

195 3085 255 3148 728,
271 3085 326 3151 22),
341 3086 456 3136 aetatem
472 3100 525 3136 non
539 3083 612 3138 tulit.
631 3083 678 3138 sed
697 3085 785 3153 priora
803 3083 851 3137 illa
870 3083 983 3153 Cyrillus
998 3084 1031 3138 ad
1045 3085 1154 3138 uerbum
1168 3084 1223 3138 fera
1237 3085 1319 3154 scrip·

194 3173 232 3226 sit
250 3172 331 3224 etiam
351 3170 384 3223 ad
402 3171 525 3224 Proclum
540 3170 867 3242 ConstantInopoIItannm
882 3177 933 3240 (ep.
948 3173 990 3235 72,
1002 3173 1093 3242 MIgue
1107 3172 1229 3226 LXXVII
1243 3172 1318 3241 Stat:

198 3252 281 3312 ’Ἱστω
308 3256 333 3309 δὲ
356 3256 374 3328 ἡ
398 3257 431 3328 σὴ
452 3256 567 3328 Ἲὺσιὸτης,
586 3257 625 3311 ὅτι
642 3258 847 3330 capere-ytrite<
865 3258 897 3330 cp
917 3257 977 3330 ἁγίᾳ
994 3254 1093 3330 συνόδῳ
1112 3258 1241 3325 ἐκθέσεως
1259 3269 1319 3331 παρ’

194 3345 272 3400 αὑτοῦ
295 3344 492 3416 συνταχθείσας,
516 3344 553 3408 ὡς
576 3344 599 3397 οἱ
623 3342 774 3415 προιλὸντος
798 3349 843 3412 (al.
867 3343 1072 3419 προενεγκόντες)
1100 3343 1221 3418 ἔφασκον,
1245 3347 1318 3401 οὐδὲν

193 3431 305 3504 ἕχοὺσης
329 3430 396 3501 ὑγιὲς
418 3431 631 3504 κατνκιβδήλουσο
655 3434 707 3503 μὲν
719 3431 798 3504 αὐτὴν
816 3434 834 3506 ἡ
854 3433 914 3505 ἁγία
931 3432 1037 3496 σύνοδος
1060 3433 1096 3497 ὡς
1115 3433 1317 3506 διεστραμμένων

191 3518 318 3590 γέμουσαν
337 3517 440 3570 ἐννοιῶν
458 3517 501 3569 καὶ
518 3519 565 3588 τὴν
580 3516 719 3588 Νεστορίαυ
734 3519 883 3588 δυσσέβειαν
898 3517 974 3572 οἱονεί
986 3539 1041 3583 πως
1053 3519 1226 3592 πηγάζουσοιν·
1240 3542 1317 3577 κατα-

191 3603 300 3675 κρίνασα
317 3603 344 3656 δὲ
362 3606 422 3664 τοὺς
441 3603 509 3656 οὔτω
528 3613 684 3676 φρονοῦντος
703 3606 869 3678 οἰκονομικῶς
888 3607 934 3660 οὐκ
956 3607 1129 3681 ἐμνημόνευσε
1155 3616 1199 3662 τοῦ
1225 3609 1316 3680 ἀνδρὸς

191 3689 249 3742 obet
269 3689 345 3745 αυτὸν
365 3690 494 3761 ὑπέθηκεν
514 3690 636 3762 ὀνομαστὶ
653 3695 689 3763 τῷ
708 3693 908 3768 ἁναθνματισμῷ
928 3694 959 3747 δι’
978 3694 1131 3766 οἰκονομίαν,
1145 3695 1187 3748 ἵνα
1200 3696 1235 3769 μή
1250 3717 1316 3762 τινες

192 3779 252 3840 etc,
326 3780 427 3834 11-15
452 3779 483 3833 cf.
510 3779 569 3834 Act.
594 3779 673 3834 Cone.
696 3780 823 3851 Ephesini
847 3785 930 3847 tertii,
954 3785 1012 3840 Aet.
1038 3779 1074 3838 VI
1098 3789 1142 3850 (=
1165 3787 1253 3840 Mansi
1278 3786 1316 3840 IV

193 3863 280 3933 1344),
300 3868 374 3931 cuius
392 3867 451 3936 ipsa
468 3867 524 3921 fere
543 3868 624 3922 uerba
643 3868 686 3922 hic
705 3886 720 3922 a
738 3870 838 3939 Uigilio
859 3871 1015 3926 adferuntur

228 3975 287 4040 lii
304 3987 368 4056 (pro
386 3989 466 4056 inter)
490 3989 517 4042 V
576 3990 849 4060 2ιμνο11,οοκκ,οι
906 3992 1064 4062 3deposita
1082 4011 1114 4047 ea
1132 3994 1254 4064 deposito
1277 3985 1316 4050 V:

191 4073 321 4144 disposita
341 4094 357 4126 α
410 4076 553 4130 ⁴Idicebst
575 4079 606 4141 V,
625 4095 692 4162 corr.
712 4077 738 4131 ο2
809 4080 1023 4149 ldispensatiue
1040 4083 1149 4151 scripsi:
1167 4082 1313 4153 dispensati

190 4179 253 4215 noro
277 4163 304 4216 V
355 4164 388 4219 lo
405 4165 652 4234 mophsuesteniV
706 4168 736 4222 11
757 4169 867 4229 carisius
890 4169 916 4221 V
967 4170 999 4223 13
1018 4171 1127 4235 nestorii
1151 4171 1182 4236 V,
1201 4187 1268 4227 corr.
1288 4170 1314 4223 ο2
