2904 4672
163 269 235 332 356'
319 263 441 318 Gelasius
457 263 479 317 1.
499 267 590 316 contra
607 262 785 330 Pelagianam,
797 261 926 315 haeresim
944 261 978 314 ad
996 261 1111 315 Picenus

163 460 366 529 reseruantes,
394 461 430 520 ut
457 456 484 520 si
512 457 564 520 uel
586 475 692 520 eorum
714 455 767 518 uel
790 454 1001 535 quorumlibet
1022 456 1194 520 errantium
1216 456 1284 537 quis

164 564 268 646 agnita
302 562 473 626 catholicae
508 561 581 624 fidei
617 561 749 624 ueritate
784 559 1005 642 paenitentiam
1026 577 1136 644 agens
1172 560 1285 624 reuerti

162 668 300 733 uoluerit
334 670 366 731 et
397 668 553 744 haeresis,
589 666 619 730 in
661 685 722 748 que
765 665 945 742 animatur,
987 684 1087 730 errore
1136 669 1284 748 concepto

164 774 334 856 scripturae
363 791 485 854 quoque
511 771 702 854 professione
729 772 908 836 uniuersam
935 790 1071 835 enomm
1099 790 1230 836 suorum
1250 789 1284 835 an

164 879 352 959 complicum
388 878 581 942 damnauerit
620 877 808 959 prauitatem
848 880 880 939 et
919 876 1110 959 apostolicas
1150 895 1283 957 sequens
1310 899 1321 936 ⁶

163 984 309 1048 instituta
344 984 501 1048 doctrinae
538 982 699 1047 anathema
731 980 843 1046 dixerit
872 981 911 1059 ei,
943 982 997 1064 qui
1027 981 1080 1046 uel
1110 981 1283 1062 praedictas

165 1092 311 1171 quattuor
345 1089 477 1173 synodos
514 1089 545 1152 in
580 1087 653 1152 fidei
689 1105 783 1152 causa
817 1106 878 1151 non
913 1087 1055 1169 sequitur
1088 1087 1142 1152 nel
1177 1088 1283 1152 beatae

164 1193 385 1259 recordationis
407 1192 637 1276 predecessoris
660 1192 758 1282 nostri
775 1191 888 1256 Leonis
906 1192 1096 1257 uenerabilia
1113 1193 1285 1258 constituta

164 1300 196 1363 in
222 1299 369 1363 omnibus
395 1317 456 1363 non
482 1298 648 1363 confitetur
673 1299 706 1361 et
731 1316 792 1363 non
820 1296 963 1361 omuibus
990 1297 1111 1363 uiribus
1139 1298 1283 1381 omnique

165 1405 259 1468 animi
281 1405 422 1486 sequitur
444 1403 589 1484 puritate,
612 1405 688 1469 tunc
710 1401 922 1467 communioni
943 1405 1075 1480 nostrae,
1094 1404 1284 1484 qnamnulli
1299 1429 1319 1469 ro

165 1530 221 1576 nos
253 1529 365 1593 negare
397 1509 544 1574 conuenit
575 1509 754 1592 paenitenti,
783 1509 841 1572 sub
869 1509 1042 1591 apostolica
1068 1512 1099 1573 st
1127 1511 1281 1588 canonica,

165 1615 247 1678 sicut
269 1613 399 1695 praefati
422 1633 543 1689 sumus,
568 1613 779 1678 satisfactione
802 1613 903 1677 modis
921 1615 1066 1678 omnibus
1084 1621 1281 1700 aggregetur,

165 1719 238 1801 quia
263 1718 438 1800 redemptor
465 1723 570 1783 noster
596 1737 656 1782 nnn
682 1719 771 1783 uenit
792 1719 927 1800 aliquem
949 1718 1075 1800 perdere
1098 1720 1154 1784 sed
1177 1741 1282 1787 omnes

122 1827 218 1906 dpro
259 1843 317 1888 sun
355 1824 471 1905 pietate
512 1825 642 1889 saluere.
730 1843 769 1888 nr
808 1843 894 1888 unu
928 1843 1023 1889 norm
1057 1844 1181 1890 ruem:
1218 1828 1281 1893 Deo
1329 1865 1332 1868 ⁴

164 1921 290 2000 iuuante
312 1948 368 2011 per
384 1928 484 2011 ipsius
503 1930 634 2012 gratiam
653 1929 790 2012 Uigilius
809 1930 973 2012 episcopus
992 1933 1117 1996 sanctae
1135 1935 1281 1998 ecclcsiae
1297 1957 1317 1995 e

164 2033 334 2100 catholicae
348 2033 434 2097 urbis
448 2033 564 2097 Romae
578 2032 634 2097 has
649 2033 750 2098 scidas
765 2033 967 2115 epistolarum
980 2053 1074 2118 supra
1087 2037 1281 2119 scriptarum,

164 2155 243 2219 quas
266 2157 323 2222 ego
347 2137 403 2202 deo
427 2139 553 2202 iuuante
577 2137 703 2216 dictam,
727 2138 796 2221 ipso
819 2139 986 2204 auxiliante
1003 2143 1174 2224 recognoni
1192 2146 1281 2225 atque

122 2239 323 2324 Vsuscripsi.
410 2263 449 2306 nr
489 2262 565 2307 annu
607 2263 691 2307 usn
736 2261 911 2309 snscnnnmo
955 2264 1094 2311 sermon
1137 2267 1280 2314 nomon:

162 2347 290 2412 Flauius
318 2347 490 2412 Domnicus
518 2366 549 2411 n.
578 2367 605 2412 c.
634 2367 738 2413 comes
767 2350 1006 2415 domesticorum
1033 2370 1070 2415 ex
1096 2354 1226 2418 consule
1247 2372 1279 2418 ac

162 2453 312 2534 patricius
348 2453 405 2516 has
441 2453 543 2517 scidas
581 2473 599 2517 a
633 2454 816 2520 beatissimo
857 2459 949 2537 atque
990 2458 1163 2540 apostolico
1204 2479 1315 2542 papan

164 2557 280 2643 Uigilio
303 2557 333 2621 in
359 2575 453 2621 censa
474 2556 546 2621 fidei
567 2559 666 2622 iactas
690 2558 728 2622 nd
751 2558 898 2624 domnum
916 2564 1058 2626 nostrum
1074 2561 1280 2628 Iustinianum

163 2662 340 2745 piissimum
372 2665 405 2726 et
427 2661 729 2728 christianissimum
760 2665 929 2748 principem
956 2666 1011 2731 sed
1039 2668 1137 2732 etad
1157 2668 1279 2733 Menam

163 2767 268 2835 uirum
294 2766 521 2831 beatissimum·
536 2767 894 2851 Constantinopolitanae
916 2771 1184 2855 archiepiscopum
1207 2773 1278 2838 ciui·

164 2871 237 2936 tatis
260 2854 400 2955 relegens
424 2872 584 2937 conferens
608 2875 863 2957 consentiensque
886 2876 1036 2958 suscripsi
1054 2877 1104 2941 die
1122 2877 1192 2944 XV.
1210 2877 1277 2942 Kal.

165 2973 270 3040 Octbr.
292 2975 414 3041 Iustino
436 2997 468 3043 u.
492 2996 518 3044 e.
543 2979 661 3043 consul.
1104 3064 1106 3068 μ
1292 3012 1313 3052 n

200 3164 256 3217 lsi
277 3164 483 3232 <aliquis>Bar.
562 3163 627 3236 ‘quis
645 3167 753 3234 compsi:
773 3171 848 3236 quasi
870 3169 897 3222 V
911 3170 980 3224 Bor.
1069 3172 1227 3228 tueritatis
1248 3173 1275 3236 V,

163 3266 230 3303 corr.
249 3249 277 3302 οἳ
328 3252 344 3305 3
363 3256 494 3328 concepto
509 3251 548 3307 0²:
568 3258 708 3324 conceptos
726 3254 757 3318 V,
777 3259 928 3326 contempto
946 3257 1014 3312 Bar.
1067 3260 1084 3313 6
1103 3259 1233 3315 dixissent
1248 3259 1286 3323 V,-

163 3353 231 3391 corr.
249 3336 276 3389 0²
363 3340 538 3395 9coniitetnr
555 3357 587 3395 ee
605 3342 759 3396 confitemur
780 3360 847 3397 corr.
870 3344 896 3397 V
982 3347 1015 3400 10
1036 3349 1228 3403 communionis
1248 3347 1276 3408 V.

164 3425 268 3478 correxi
338 3427 480 3481 lascesas
503 3428 529 3481 V
601 3430 633 3483 19
651 3432 774 3484 exconsul
794 3432 857 3486 sar.
933 3435 967 3492 20
984 3435 1097 3503 patricio
1121 3436 1237 3501 V,cora
1254 3434 1277 3488 οἳ

164 3511 197 3565 22
216 3515 383 3567 mennamV
