2904 4672
237 270 301 335 470
428 264 546 320 Libellus
564 263 793 335 apocrisiariorum
811 262 938 318 eeclesiae
956 239 1150 318 Alexandrinae

236 464 359 546 legatos
391 460 430 526 ad
461 459 570 525 urbem
602 459 733 524 Romam
764 461 872 523 nostra
902 455 1036 541 dirigere
1063 457 1186 522 cumuit
1214 458 1372 535 ecclesia;

237 568 294 634 sed
324 567 370 633 ibi
401 567 529 651 qnidam
560 566 699 631 ciuitatis
730 568 854 630 nostrae
885 567 1029 645 repertus
1062 567 1112 629 est
1142 583 1161 629 a
1190 568 1278 629 recta
1307 564 1372 629 fide

238 673 426 739 dissentiens
457 676 551 756 atque
582 673 620 737 ab
654 691 691 737 sa
721 691 757 736 ex
788 671 893 737 causis
925 688 1049 753 quoqne
1081 670 1215 736 diuersis
1243 671 1371 736 alienus

238 780 385 854 existens,
409 780 463 862 qui
485 779 545 844 hoe
567 779 655 844 nisus
678 781 728 844 est
749 781 935 861 perpetrare,
957 794 997 840 ne
1018 776 1087 841 nlla
1103 776 1135 840 iu
1155 777 1371 861 suscipiendis

238 886 353 970 legatis
374 885 465 968 copia
486 885 694 967 praeberetur.
714 884 767 967 qni
785 901 842 949 nec
860 882 899 947 ad
917 882 1029 948 taciem
1047 901 1147 964 usqne
1166 884 1371 949 salutationis
1401 910 1414 948 s

199 991 216 1053 7
242 992 370 1058 admissi
397 992 464 1056 sine
491 991 596 1073 aliquo
624 992 737 1056 effectu
763 990 881 1055 reuersi
909 992 992 1054 suut.
1016 989 1091 1072 quia
1112 1009 1186 1055 uero
1211 993 1283 1054 aute
1308 1010 1371 1055 non

239 1099 376 1163 multum
402 1097 552 1180 temporis
579 1097 733 1162 Photinus
755 1095 924 1180 religiosus
948 1095 1098 1161 diaconus
1122 1099 1248 1160 sancus
1270 1095 1371 1160 Thes·

241 1203 443 1268 salonicensis
467 1203 618 1269 ecclesiae
635 1202 799 1267 nobiscum
818 1201 857 1265 de
874 1219 950 1284 pace
969 1202 1145 1265 sanctarum
1164 1201 1371 1266 ecclesiarum

241 1308 337 1373 uerba
372 1307 529 1374 conseruit
564 1307 703 1391 dixitque
739 1327 772 1373 se
808 1309 877 1372 ante
913 1306 1052 1390 spatium
1088 1307 1178 1389 parui
1217 1307 1375 1390 temporis·

242 1413 432 1478 destinatum
450 1412 681 1479 asanctissimo
697 1413 930 1497 archiepiscopo
944 1411 1066 1476 hadrea
1079 1411 1373 1479 Thessalonicensis
1393 1439 1416 1476 ιο

243 1519 392 1583 ecclesiae
423 1517 462 1583 ad
492 1518 668 1583 Romanum
698 1517 876 1601 pontificem
907 1517 1108 1583 anastasium
1135 1521 1167 1582 et
1192 1517 1374 1584 affirmabat

244 1624 281 1688 de
299 1624 360 1700 his,
378 1643 457 1707 quae
474 1642 531 1689 nos
549 1624 750 1716 uehementer
768 1623 928 1689 offendunt
943 1623 975 1687 in
988 1623 1190 1689 translatione
1205 1623 1373 1706 epistolae,

244 1729 306 1794 sibi
345 1729 543 1795 satisfactum
581 1729 681 1795 fuisse
722 1749 740 1794 a
781 1746 875 1810 supra
910 1727 994 1792 dicto
1031 1729 1174 1811 praesule
1210 1729 1374 1794 Romanae

244 1835 405 1911 ecclesiae,
433 1834 517 1917 quod
544 1835 666 1900 scilicet
686 1835 719 1900 in
742 1834 894 1917 epistolae
917 1834 1119 1900 translatione
1142 1835 1376 1921 conprobantur

245 1960 373 2019 errores,
391 1940 492 2024 ipsam
510 1960 585 2007 uero
604 1941 746 2006 Latinam
765 1941 931 2023 epistolam
948 1940 1037 2005 iuxta
1054 1939 1148 2005 fidem
1160 1942 1375 2011 trecentorum
1393 1969 1417 2010 a

151 2078 153 2083 ·
246 2045 351 2111 decem
379 2050 412 2111 et
437 2051 507 2112 octo
536 2050 714 2113 sanctorum
735 2050 859 2131 patrum
882 2046 1000 2112 editam
1023 2045 1219 2112 constitisse:
1244 2045 1376 2128 insuper

246 2152 396 2235 quaedam
422 2154 533 2219 retulit
558 2173 593 2219 ex
618 2173 751 2237 persona
778 2152 917 2218 eiusdem
940 2153 1093 2218 antistitis
1115 2151 1215 2216 fnisse
1238 2155 1375 2230 narrata,

246 2277 325 2340 quae
356 2258 395 2323 ad
426 2259 685 2343 uituperationem
723 2278 841 2338 eorum,
877 2278 956 2342 quae
991 2259 1023 2324 in
1059 2257 1262 2323 translatione
1302 2260 1377 2323 sunt

245 2365 353 2443 indita,
376 2365 563 2448 pertinerent
586 2369 618 2430 et
640 2365 678 2430 ad
700 2365 773 2431 illos
795 2367 817 2448 †
840 2369 881 2442 et,
905 2364 958 2446 qui
981 2384 1019 2429 ea
1041 2363 1216 2447 contingere
1239 2365 1376 2446 tempta-

246 2473 369 2547 uerunt,
406 2469 445 2534 ad
481 2470 727 2536 satisfactionem
763 2489 839 2535 uero
876 2489 994 2548 eornm,
1031 2469 1086 2552 qui
1119 2471 1238 2533 rectam
1278 2468 1374 2534 fidem
1391 2501 1414 2540 a

204 2575 530 2658 8inmaculatamque
574 2576 731 2642 custodire
771 2595 832 2642 non
870 2575 1053 2660 neglegunt.
1095 2574 1209 2658 quihus
1251 2574 1374 2639 abunde

247 2681 348 2746 sanati
361 2681 585 2765 cupientesque
598 2681 762 2765 pristinam
774 2682 978 2767 redintegrari
992 2680 1186 2748 concordiam
1201 2679 1374 2744 maluimus

247 2786 341 2858 etiam
373 2805 391 2850 a
421 2787 523 2864 uobis,
556 2788 583 2853 si
614 2807 690 2853 nera
719 2789 783 2853 sint
813 2789 879 2866 illa,
912 2806 991 2869 quae
1020 2786 1175 2853 Photinus
1203 2786 1374 2872 religiosus

248 2892 395 2959 diaeonus
427 2893 515 2959 nohis
551 2894 709 2971 retulerat,
747 2894 869 2960 edoceri
904 2896 1089 2975 uestraeque
1126 2891 1373 2959 desiderauimus

248 3017 408 3064 occurrere
439 3000 598 3065 sanctitati
630 3004 662 3065 et
693 3000 730 3066 de
762 3000 811 3064 his
844 2999 988 3065 omnibus
1020 2999 1133 3064 habere
1160 2999 1373 3082 conloquium.
1388 3028 1409 3070 a

248 3124 358 3169 nerum
388 3106 537 3171 sanctitas
568 3109 675 3171 uestra
704 3124 765 3170 non
801 3105 899 3170 semel
935 3104 990 3169 sed
1026 3104 1132 3169 crebro
1168 3123 1227 3168 nos
1264 3104 1373 3169 docere

250 3210 378 3295 dignata
403 3215 452 3277 est
477 3212 509 3276 in
537 3211 691 3294 epistolae
711 3211 964 3294 interpretatione
987 3229 1105 3275 errores
1126 3209 1292 3275 intersitas
1316 3229 1373 3273 non

206 3315 281 3381 9iu
311 3316 422 3382 Latino
453 3320 541 3383 textu
572 3318 671 3383 tuisse
704 3320 881 3401 conceptos.
910 3318 1098 3399 quapropter
1123 3315 1373 3398 supplicauimus

250 3423 351 3502 uobis,
387 3428 424 3488 ut
458 3423 685 3489 contessionem
720 3425 846 3488 nostrae
886 3421 960 3486 fidei
999 3420 1176 3497 sumeretis,
1216 3439 1274 3503 pro
1317 3441 1374 3503 qua

250 3528 434 3593 uenerabilis
470 3528 620 3593 ecclesiae
655 3531 780 3594 nostrae
815 3526 971 3611 legatione
1007 3524 1240 3609 perfungimun
1283 3546 1406 3608 quana

286 3716 440 3788 2qnidam]
458 3732 494 3772 ac.
512 3717 652 3773 Iohannes
672 3716 777 3771 Tclae'c
835 3717 897 3770 4iu
921 3715 956 3770 V:
970 3715 1039 3784 fort.
1059 3715 1098 3768 ibi
1159 3714 1321 3769 6admissis
1343 3715 1373 3776 V,

251 3822 306 3860 raa.
326 3822 393 3863 corr.
411 3823 484 3861 man.
499 3812 571 3874 post.
590 3825 608 3858 α
650 3807 665 3859 'l
685 3811 710 3860 ct
729 3804 1001 3860 10thesa10nieansis
1024 3802 1049 3857 V
1089 3802 1121 3857 14
1140 3804 1375 3872 comprobarentur

251 3894 321 3949 Bar.
393 3896 425 3949 1‘1
443 3897 550 3948 narrata
572 3893 603 3958 V,
622 3909 690 3949 corr.
709 3893 737 3945 0²
804 3895 836 3948 19
854 3893 916 3947 illos
935 3896 964 3946 ct
981 3896 1104 3960 compte
1125 3890 1161 3944 V:
1180 3894 1210 3944 et
1227 3907 1279 3946 om.
1298 3893 1373 3954 Bar,

252 3984 313 4039 illos
331 3983 471 4054 erigendos
487 3983 565 4037 Thicl
580 3988 689 4037 saaca
702 3988 800 4052 postea
818 3982 991 4050 confringere
1008 3981 1074 4048 fort.
1092 3979 1153 4034 illos
1172 3981 1274 4033 et<iam
1292 3981 1373 4035 incul-

253 4071 370 4141 pandos>
427 4071 591 4141 confringere
613 4070 643 4134 V,
662 4087 730 4126 corr.
748 4071 818 4125 Bor.
855 4062 888 4125 2'3
907 4086 984 4124 uersa
1007 4067 1037 4134 V,
1055 4084 1123 4123 corr.
1143 4069 1170 4138 p²
1211 4069 1375 4124 abacelam

254 4165 345 4214 nostra
362 4160 496 4229 legatione
514 4159 682 4230 perfungitur
704 4158 735 4223 V,
754 4176 822 4214 corr,
840 4158 909 4213 Bar.
