2904 4672
516 247 605 319 upra.
620 247 736 303 xxxnr
754 249 771 302 a
791 279 823 289 -
841 246 938 302 xxxv
958 249 993 303 1:
1268 251 1306 315 81

181 449 256 511 sunt
287 446 465 522 extiterunt,
497 448 534 509 ut
563 444 641 512 haec
674 445 713 508 et,
731 443 811 536 *ordo
843 443 1058 527 amplissimus
1091 447 1122 508 et
1148 444 1309 509 Romanus

179 553 317 637 populus
341 551 566 634 comprobaret,
590 548 707 614 domini
729 549 931 631 imperatores
954 548 1073 615 Honori
1096 552 1128 614 et
1154 549 1309 615 Theodosi

179 659 227 743 pii
253 658 362 723 felices
384 656 496 739 inclyti
517 655 760 739 triumphatores
784 673 908 737 semper
928 655 1102 739 Augusti·
1142 674 1215 720 narn
1237 673 1309 720 cum
1333 661 1357 722 2·

182 766 303 829 statuta
329 761 477 827 caelestia
502 780 559 844 per
584 779 634 826 me
657 762 763 826 esseut
785 760 915 825 recitata
936 761 1061 844 populis
1085 763 1117 851 et
1139 759 1252 836 edictis
1274 780 1310 826 er

145 888 268 936 eruore
294 869 410 953 ubique
436 866 550 950 positis
576 866 746 950 publicata,
774 869 881 933 tantus
904 867 994 932 fauor·
1015 869 1047 932 et
1069 867 1189 932 laetitia
1210 867 1309 932 totius

181 975 288 1040 extitit
314 973 464 1050 ciuitatis,
492 974 529 1037 ut
556 972 617 1038 sibi
640 976 672 1036 et
692 967 876 1056 religionem
898 972 1052 1038 redditam
1076 987 1107 1038 et
1128 973 1309 1056 praestitam
1352 959 1356 966 ’

181 1081 299 1164 quietis
331 1080 535 1146 securitatem
566 1096 674 1144 omnes
706 1078 914 1163 gratulatione
947 1097 1082 1164 congrua
1111 1082 1309 1145 testarentur.

180 1187 344 1252 interiecto
371 1185 478 1267 itaque
505 1184 600 1249 biduo
632 1183 741 1249 urbem
773 1203 868 1268 supra
898 1189 1090 1251 memoratus
1121 1185 1353 1256 uenerabilis3

183 1293 349 1375 episcopus
369 1290 453 1356 omni
472 1293 653 1356 occurrente
672 1290 762 1373 plebe
785 1290 946 1374 ingressus
969 1294 1028 1368 est,
1052 1291 1136 1356 sicut
1157 1292 1308 1358 serenitas

137 1424 164 1464 m
182 1401 290 1463 uestra
314 1382 494 1462 ’constituitz
523 1394 619 1460 officii
645 1413 770 1477 quoque
797 1396 860 1459 mei
887 1396 1038 1479 obsequia
1063 1396 1191 1463 minime
1223 1398 1309 1463 defu·
1408 1391 1409 1396 ’

184 1508 283 1568 erunt.
305 1521 372 1567 -nec
401 1503 463 1567 iam
503 1502 608 1585 aliqua
644 1501 796 1566 dissensio
832 1506 971 1567 remanet
1004 1503 1201 1587 populorum,
1237 1520 1309 1569 cum

185 1628 291 1675 ornnes
311 1608 416 1674 diuino
434 1608 550 1674 iudicio
571 1611 604 1673 et
620 1607 793 1672 maiestatis
816 1611 941 1672 uestrae
964 1609 1178 1692 acquieuerint
1199 1609 1309 1676 uoluu-

183 1715 252 1780 tati.
307 1714 502 1779 cessantibus
520 1714 619 1798 igitur
641 1712 755 1778 studiis
778 1732 876 1778 unum
900 1733 1016 1793 omnes,
1041 1715 1123 1798 quod
1144 1720 1308 1800 praecepto
1331 1726 1353 1791 4

185 1820 235 1885 dei
248 1820 398 1886 admoniti
412 1820 580 1898 statuistis,
595 1819 709 1884 sentire
724 1821 892 1908 coeperunt
909 1822 1001 1904 atque
1020 1821 1308 1899 acclamationibus,

138 1953 166 1996 re
185 1946 263 2010 quae
290 1926 449 1991 subiectae
464 1906 561 2003 sunt,
585 1924 693 2008 gaudii
716 1925 766 1989 sui
789 1943 900 1991 causas
923 1926 1012 2009 plebs
1033 1926 1172 1992 Romana
1193 1930 1309 1992 testata

184 2036 233 2099 est
260 2052 295 2098 ac
323 2031 483 2097 serenitati
510 2033 634 2096 orostrae
662 2030 777 2116 gratias
804 2031 836 2095 in
865 2031 931 2097 dies
960 2031 1101 2117 singulos
1129 2051 1220 2117 agere
1247 2052 1308 2098 non

184 2138 318 2217 desistit,
338 2156 470 2222 quorum
487 2138 625 2220 prouisio
644 2137 728 2203 sicut
741 2157 851 2222 pacem
870 2129 952 2202 orbis
970 2140 1085 2213 tuetur,
1104 2138 1149 2203 ita
1171 2139 1308 2222 quietem

182 2245 253 2309 urbi
275 2244 415 2310 restituit
436 2244 613 2327 populoque
637 2243 841 2309 concordiam.

138 2591 166 2633 ιο
279 2579 437 2624 uxulruuu
460 2576 623 2624 SAORARUI
643 2579 836 2624 nnuman!
857 2578 1046 2643 ruocogxsqu
1067 2578 1235 2629 unibat..

227 2676 340 2747 menon
376 2699 527 2746 nonomus
562 2700 713 2764 rueuxnus
750 2700 963 2747 nmumnuos
998 2700 1115 2746 snrrnn
1149 2700 1308 2747 nuousnus

183 2788 283 2850 innoc
313 2805 513 2853 Proconsuli.
578 2786 665 2852 Inter
694 2806 801 2853 omnes
835 2806 923 2853 curas
954 2805 1011 2853 nec
1038 2787 1094 2853 illa
1120 2807 1177 2853 uos
1204 2788 1308 2852 minus

184 2890 364 2970 sollicitant,
397 2912 475 2975 quae
510 2892 662 2975 pertinere
698 2893 737 2958 ad
772 2894 980 2960 sacerdotium
1013 2892 1201 2959 iudicamus.
1236 2911 1308 2958 cum

184 2996 265 3062 eninr
303 2995 340 3060 de
376 2996 581 3062 confirmando
619 2998 764 3081 episcopo
799 2999 888 3064 urbis
922 3002 1063 3064 aeternae
1098 2997 1309 3064 controuersia

140 3121 166 3160 se
183 3104 371 3167 tractaretur
401 3105 494 3184 atque
525 3102 568 3180 hi,
593 3103 646 3185 qui
676 3103 708 3166 in
740 3123 838 3168 unum
868 3103 965 3187 positi
986 3106 1081 3181 erant,
1105 3103 1242 3187 episcopi
1269 3103 1308 3169 de

182 3210 269 3274 tanto
287 3208 412 3292 negotio
430 3227 547 3291 paucos
567 3227 600 3273 se
618 3209 817 3275 aestimarent
830 3209 869 3274 ad
882 3209 1069 3274 sententiam
1084 3208 1307 3293 proferendam,

183 3316 353 3396 placuerat,
381 3314 464 3379 sicut
496 3315 575 3379 sacri
607 3314 709 3398 apices
733 3318 944 3394 cucurrerunt,
968 3318 1005 3380 ut
1026 3336 1062 3381 ex
1082 3314 1236 3380 Africanis
1256 3315 1307 3380 uel

185 3419 353 3486 Gallicanis
376 3420 546 3504 prouinciis
569 3422 675 3504 plures
698 3420 837 3504 episcopi
859 3425 1078 3501 commearent,
1102 3440 1138 3487 ea
1159 3421 1309 3486 uidelicet

221 3602 282 3656 let
300 3602 374 3670 quod
386 3607 429 3656 'eet
447 3607 510 3657 ante
528 3603 690 3672 ordoeupro
703 3604 751 3658 lin.
765 3603 829 3658 add.
849 3604 875 3656 V
925 3604 1000 3660 auxi
1014 3621 1047 3659 ec
1060 3604 1121 3659 dnm
1139 3603 1166 3658 V
1215 3606 1307 3674 5pos·

184 3690 243 3744 sitis
272 3690 304 3753 V,
326 3705 394 3744 corr.
416 3692 502 3745 Bac:
524 3692 668 3763 propositis
691 3693 775 3747 Iurat.
846 3692 934 3748 feruor
955 3694 1023 3749 Bor.
1077 3695 1248 3748 itestarent
1276 3691 1307 3758 V,

184 3794 284 3832 corno
374 3779 405 3832 11
431 3795 490 3833 cum
514 3779 552 3834 V:
576 3783 605 3835 et
625 3780 695 3834 Bar.
786 3782 817 3836 12
841 3781 1046 3852 acquieeuerant
1071 3782 1103 3845 V,
1127 3797 1194 3836 corr.
1213 3781 1309 3851 Meyer

185 3869 217 3921 15
236 3867 357 3921 subiecta
379 3867 410 3932 V,
430 3883 497 3923 corr.
516 3868 601 3924 Iurat.
658 3870 689 3923 17
708 3869 779 3924 orbis
795 3869 894 3926 Iacet:
912 3870 1028 3924 urbisV
1096 3871 1136 3924 ita
1151 3870 1309 3936 V(erraar't

183 3954 289 4025 nepe)
345 3955 378 4010 ns
397 3956 470 4010 mnis
493 3957 610 4025 aaa.
628 3957 785 4028 Paeneo
849 3945 850 3948 ‘

219 4042 266 4099 dd.
286 4042 354 4098 Dal.
374 4043 417 4100 die
437 4048 455 4098 7
471 4047 541 4119 Apr.
562 4048 623 4105 419,
685 4046 758 4100 Ede.
777 4046 847 4101 Bar.
862 4046 901 4100 od
914 4064 939 4101 o.
957 4047 1018 4114 419,
1034 4049 1087 4115 36;
1103 4045 1212 4100 Hceeul
1228 4044 1307 4122 (ἴση).

184 4131 1260 4206 Qmwffifflmmwwfflmmmmmffl

235 4256 323 4296 xxxv.
1203 4239 1219 4294 6
