2904 4672
581 247 870 322 Prolegbtden‘d.
1248 261 1289 325 ss

203 449 313 515 Nostri
341 448 474 531 denique
507 447 626 512 saeculi
659 466 737 538 anno
771 448 854 513 1867
865 444 1286 533 “‘dnbtrstaeillanrinonmrp

158 540 511 638 prodiit‘Bullarum
539 553 747 635 diplomatum
775 556 807 642 et
836 552 1285 639 priuilegiorbmamnotcmn

159 658 371 726 Romanorum
382 658 568 744 pontificum
587 658 856 725 Tau-rinensis
876 659 1070 725 editionis
1085 658 1286 743 *apponam

159 763 238 850 (uol.
261 764 301 852 l).
325 765 395 847 ipsa
416 765 471 828 illa
493 764 695 851 laurinensis
719 764 814 833 editio
838 782 911 829 cum
933 764 1285 848 repetissetbditinuem

160 856 263 938 Caroli
279 870 492 953 Coeqnelines,
510 871 565 951 qni
578 870 712 937 bullario
727 888 787 944 suo
797 889 969 953 perpaucas
983 874 1106 935 tantum
1115 870 1285 950 Auella'dile

159 979 368 1062 epistularum
395 995 431 1040 er
457 976 620 1058 impressis
648 975 837 1041 editionibus
868 977 1017 1058 repetitas
1048 977 1230 1055 inseruerat,
1252 977 1284 1042 in

158 1085 217 1150 bac
246 1083 415 1166 appendice
441 1100 611 1166 permagna
637 1100 707 1165 pars
735 1081 828 1146 buius
857 1080 1049 1148 collectionis
1077 1081 1178 1147 denuo
1200 1084 1284 1165 typis

158 1208 273 1254 excusa
305 1191 363 1254 est.
396 1188 530 1252 editores
563 1190 669 1252 antem
702 1206 780 1270 opus
797 1181 906 1254 'suum
933 1174 978 1253 ita
1004 1188 1219 1267 instituerunt,
1248 1191 1285 1254 ut

158 1295 260 1359 textui
287 1312 324 1358 en
350 1294 579 1360 uetustioribus
608 1293 798 1359 editionibus
826 1294 958 1376 repetito
981 1287 1213 1360 subscriberent
1236 1300 1288 1360 sati

158 1401 275 1472 multas
316 1399 469 1466 lectiones
509 1400 687 1482 promiscue
727 1408 763 1464 er
804 1400 964 1465 codicibus
1001 1391 1174 1466 Uaticanis
1197 1401 1283 1467 3786

159 1500 244 1586 3787
269 1506 355 1570 4903
378 1506 463 1570 4961
490 1507 574 1571 5617
598 1523 737 1570 necnon
761 1504 970 1574 Ottoboniano
985 1506 1051 1570 474
1063 1505 1087 1592 ¹)
1108 1505 1282 1589 desumptis

158 1629 259 1692 neque
280 1613 385 1675 tamen
408 1610 586 1676 donatione
610 1629 667 1676 seu
689 1610 789 1693 pretio
813 1611 924 1675 borum
947 1611 1090 1675 codicum
1113 1611 1281 1695 quidquam

157 1716 321 1782 adferrent.
753 1715 756 1720 ’

202 1856 322 1922 Ultimo
344 1858 413 1924 loco
437 1857 643 1923 nominandus
667 1860 716 1922 est
737 1856 877 1921 Andreas
896 1857 1012 1922 Tbiel
1030 1857 1188 1940 professor
1206 1859 1281 1922 olim

155 1962 421 2047 Brnnsbergeusis
435 1982 516 2028 nuno
533 1964 697 2045 episcopus
709 1963 924 2039 Warmiensis,
940 1962 1030 2028 cuius
1044 1961 1205 2044 apostolae
1218 1961 1280 2029 Ro·

154 2089 318 2133 manorum
335 2069 518 2154 pontificum
541 2071 694 2154 pauniaca
720 2074 749 2134 et
771 2091 848 2150 qaae
870 2071 914 2134 ad
935 2089 984 2134 eos
1005 2071 1137 2150 scriptae
1158 2074 1231 2134 sunt
1259 2092 1280 2134 a

156 2172 189 2240 S.
203 2173 318 2238 Hilaro
335 2194 430 2256 usqae
447 2175 490 2239 ud
508 2172 669 2256 Pelopiam
682 2173 730 2238 ΙΙ.
747 2172 847 2254 (noo.
863 2173 929 2239 ΙΑ
944 2171 977 2239 S.
993 2172 1108 2238 Hilaro
1125 2194 1220 2276 usqae
1238 2177 1280 2239 cd

155 2278 188 2344 S.
224 2278 443 2361 Hormisdom)
482 2280 583 2346 editae
619 2282 693 2345 suut
728 2280 946 2364 Brnusbergae
983 2299 1009 2344 a.
1049 2281 1143 2347 1868.
1182 2285 1276 2363 atque
1387 2367 1394 2377 ι

151 2386 311 2450 Tbielium
339 2387 447 2451 eodem
474 2387 566 2451 modo
595 2406 655 2469 quo
686 2385 914 2463 Constantium,
939 2386 1029 2450 onius
1053 2385 1176 2451 schedis
1200 2405 1277 2451 usus

154 2495 213 2571 est,
253 2491 292 2556 ad
329 2493 478 2574 epistolas
514 2513 574 2557 non
611 2495 676 2557 tam
713 2491 928 2555 emendandas.
954 2509 1046 2573 qnam
1081 2492 1276 2575 explicandas

149 2600 290 2664 multum
317 2599 488 2664 contulisse
516 2599 622 2683 negari
649 2617 709 2662 non
736 2600 842 2680 potest
869 2616 904 2662 ac
930 2618 968 2663 ne
990 2597 1023 2662 id
1047 2598 1172 2681 quidem
1196 2617 1275 2682 nego

149 2704 321 2770 editionem
344 2705 422 2783 eius,
447 2704 562 2788 quippe
585 2723 663 2787 quae
686 2722 793 2768 omnes
812 2723 961 2787 paparum
979 2705 1104 2771 illorum
1124 2703 1275 2786 epistulas

148 2829 188 2875 er
212 2809 346 2874 diuersis
371 2809 609 2876 collectionibus
633 2809 762 2874 haustas
789 2809 1030 2891 comprehendat
1051 2813 1145 2891 atque
1171 2809 1275 2874 ordine

147 2915 371 2999 chronologico
381 2915 532 2993 exhibeat,
544 2915 648 2998 aliquo
663 2914 755 2983 modo
772 2933 841 2979 esse
856 2915 966 2979 utilem
982 2918 1016 2982 et
1026 2915 1206 2997 unicuique,
1221 2915 1275 2997 qni

144 3020 300 3085 historiae
341 3021 571 3085 ecclesiasticae
607 3020 732 3085 illorum
770 3022 947 3100 temporum
982 3020 1145 3105 incumbit,
1182 3019 1275 3086 hodie

142 3145 274 3210 quoqne
311 3127 492 3192 adeundam
534 3123 590 3192 sed
630 3127 712 3191 mala
748 3125 855 3190 eadem
897 3126 1002 3203 editio,
1044 3126 1128 3208 quod
1167 3125 1273 3214 ipsum

141 3234 357 3317 epistularum
383 3233 503 3298 adtinet
528 3233 658 3303 textum.
689 3252 745 3316 ego
775 3251 847 3296 sane
874 3250 935 3297 non
962 3232 989 3300 is
1018 3251 1099 3310 sum,
1128 3232 1181 3314 qni
1209 3233 1272 3296 oui·

141 3359 243 3424 quam
275 3341 457 3421 praesertim
489 3341 599 3424 ampla
624 3339 775 3422 quaedam
808 3339 925 3421 scripta
952 3338 1055 3403 edenti
1082 3337 1113 3402 in
1143 3337 1269 3406 trimine

138 3617 236 3681 fuerit,
256 3632 287 3670 ex
303 3616 442 3686 perpaucis
460 3605 695 3669 lectionibus'eins
715 3631 730 3668 a
748 3613 851 3668 ‘lbielio
870 3612 969 3668 adlatis
988 3612 1133 3666 diiudicare
1151 3628 1205 3665 non
1223 3629 1270 3666 au·

139 3706 206 3770 aim,
224 3706 380 3776 praesertim
400 3714 459 3759 enm
478 3721 517 3768 ea,
536 3720 603 3774 quae
622 3703 656 3757 de
674 3703 787 3774 singulis
801 3703 964 3772 singulorum
979 3700 1098 3756 codicum
1111 3700 1271 3763 lectionibus

140 3793 267 3849 Tbielius
286 3793 349 3863 ipse
362 3791 491 3856 adfirmat,
511 3808 615 3862 semper
631 3807 686 3846 non
702 3791 754 3844 nisi
772 3807 873 3845 summa
892 3789 1014 3844 cautione
1037 3787 1190 3858 accipienda
1208 3787 1271 3842 sint.

140 3880 265 3936 codicem
284 3879 327 3945 Gi,
348 3896 424 3948 quem
448 3880 476 3933 in
498 3879 664 3950 praefatione
687 3896 740 3933 uon
762 3879 940 3949 significatum
963 3877 992 3931 in
1013 3877 1073 3948 ipsa
1091 3875 1207 3930 editione
1225 3875 1270 3929 hic

140 3969 202 4024 illic
219 3968 339 4023 Tbielina
362 3957 456 4032 adfert,
475 3970 594 4021 nostrum
617 3983 674 4021 esse
692 3967 851 4022 Uaticanum
869 3966 893 4020 V
912 3964 1091 4036 compluribus
1109 3963 1270 4018 lectionibus

142 4056 311 4128 comprobari
329 4059 426 4126 potest.

182 4144 203 4213 ¹)
221 4145 263 4199 Do
280 4144 332 4197 hoc
351 4143 440 4198 codice
460 4143 522 4197 uide
540 4139 609 4213 quae
626 4144 704 4197 initio
724 4143 854 4213 epistulae
873 4142 923 4198 183
941 4142 1093 4197 subnotani.
1161 4201 1164 4207 .
1259 4188 1261 4190 .

197 4269 371 4319 ωνριηι
1133 4269 1135 4273 -
1165 4242 1183 4296 d
