2904 4672
177 245 241 309 346
500 242 638 310 sgnpetu·
655 257 726 312 papa
741 241 890 296 Iustiniano
907 243 977 313 Aug.

174 439 289 513 penitus
315 438 491 498 inmutantes
519 439 552 496 de
586 436 777 498 ecclesiastico
809 440 896 510 statu,
928 441 977 514 qui
1006 441 1147 500 hactenns
1179 441 1297 515 optinuit

119 523 259 601 hiatque
287 526 405 600 optinet,
433 543 490 587 nno
514 541 653 584 consensu
677 527 847 586 confitentur
869 530 897 585 et
918 528 1079 602 glorificant
1100 529 1296 603 praedicantes

174 615 319 676 dominum
346 617 474 674 nostrum
501 615 597 672 Iesum
625 614 775 685 Christum,
803 616 980 689 unigenitum
1007 617 1098 675 tilium
1125 620 1155 676 ιι
1182 618 1295 676 uerbum

174 704 218 762 dei
243 709 271 762 et
293 704 376 762 deum
399 705 526 762 nostrum
548 704 613 761 ante
636 704 752 761 saecula
769 707 798 761 et
815 704 876 762 sine
894 708 1018 778 tempore
1038 707 1072 763 de
1090 709 1172 779 patre
1191 709 1296 777 natum,

172 791 203 850 in
230 791 337 850 ultimis
364 791 464 850 diebus
492 791 671 850 descendisse
700 793 735 850 de
763 792 849 850 caelis
877 795 906 851 et
930 793 1108 852 incarnatum
1136 811 1171 853 ex
1199 794 1328 868 spiritns

173 883 271 939 sancto
312 883 342 938 et
379 883 481 939 sancta
521 882 605 953 atque
645 879 771 953 gloriosa
809 880 920 954 uirghre
958 881 1002 940 dei
1037 882 1175 956 genitrice
1210 883 1298 941 Maria

173 971 271 1026 natum
298 973 327 1026 et
352 969 494 1030 hominem
521 967 629 1026 factum
656 971 685 1026 et
713 969 876 1027 crucifixum
907 987 994 1028 unum
1027 987 1090 1030 esse
1122 975 1239 1030 sanctae
1271 975 1298 1030 et

174 1055 426 1116 consubstantialis
448 1056 593 1127 trinitatis,
617 1057 825 1116 coadorandum
844 1059 873 1115 ιι
890 1058 1160 1132 conglorificandum
1178 1059 1253 1134 patri
1271 1062 1298 1118 ιι

125 1139 273 1205 Ιὸιιιιιιι
301 1145 422 1219 spiritui.
450 1162 505 1204 nec
531 1145 606 1203 enim
633 1144 719 1210 adum
746 1147 830 1204 deum
852 1146 970 1204 uerbum
994 1150 1023 1205 et
1045 1147 1130 1205 alium
1155 1148 1296 1208 Christum

174 1234 372 1307 cognoscimus
394 1235 446 1292 sed
468 1249 556 1292 nuum
580 1236 664 1306 atquc
683 1235 803 1293 eundem
820 1234 914 1307 ipsum
933 1235 1205 1295 consubstantialem
1223 1236 1296 1310 patri
1311 1255 1332 1296 re

173 1324 329 1381 secuudum
361 1322 538 1381 diuinitatem
571 1324 600 1380 et
630 1322 901 1381 consubstantialem
932 1323 1016 1382 nobis
1048 1324 1169 1382 eundem
1203 1325 1295 1398 ipsum

173 1412 328 1469 secundum
350 1411 566 1481 humanitatem,
588 1409 754 1483 passibilem
777 1427 871 1481 carne,
895 1411 1016 1470 eundem
1042 1412 1136 1486 ipsum
1163 1412 1294 1486 impassi-

172 1498 260 1557 bilem
287 1498 402 1557 deitate.
426 1503 459 1558 ut
481 1498 556 1557 enirn
579 1500 624 1557 ιιι
645 1497 674 1556 in
698 1497 850 1558 diuinitate
870 1497 1023 1573 perlectus,
1049 1501 1113 1566 <its
1135 1500 1211 1577 idem
1234 1501 1293 1575 ipse

173 1589 202 1645 et
223 1588 253 1645 in
275 1587 451 1646 humanitate
473 1587 639 1660 perfectus>
659 1589 718 1644 est:
737 1587 766 1645 in
784 1603 843 1645 una
861 1587 935 1646 enim
953 1589 1140 1648 subsistentia
1156 1590 1294 1648 unitatem

173 1676 343 1748 suscipimus
371 1679 399 1734 et
425 1676 601 1741 confitemur,
624 1675 701 1749 quod
723 1675 822 1733 mount
844 1675 946 1734 Graeci
967 1671 1019 1754 τὴν
1040 1666 1120 1734 md’
1137 1665 1293 1735 ὑπόστασιν
1310 1695 1330 1735 u

118 1753 323 1830 16<ἓνωιιν>
347 1754 561 1842 ὁμολογοῦμεν.
585 1766 614 1821 ιι
636 1763 770 1837 qnoniam
788 1763 952 1837 unigenitus
970 1763 1046 1821 filins
1065 1765 1094 1821 et
1111 1763 1231 1821 uerbum
1251 1763 1293 1821 dei

173 1853 238 1909 ante
266 1851 381 1909 saecula
408 1854 437 1908 et
463 1850 525 1909 sine
551 1846 679 1925 tempore
708 1852 743 1909 de
768 1853 850 1926 patre
880 1855 976 1923 nutus,
1006 1851 1082 1910 idem
1114 1850 1176 1925 ipse
1207 1854 1238 1909 ιι
1266 1851 1294 1909 in

172 1938 280 1997 ultimis
311 1939 412 1997 diebus
445 1939 621 1998 descendens
649 1939 683 1998 de
706 1939 803 2010 caelis,
825 1940 991 2000 incarnatus
1014 1957 1047 1999 ex
1069 1943 1170 1998 sancto
1193 1938 1294 2013 spiritu

173 2030 202 2086 et
228 2029 330 2086 sancta
356 2029 441 2100 atque
470 2027 596 2100 gloriosa
621 2028 733 2103 uirgine
760 2032 790 2087 ιι
817 2029 863 2087 dei
890 2028 1027 2103 genitrice
1048 2028 1140 2086 llaria
1163 2030 1192 2085 et
1212 2028 1294 2086 homo

172 2116 266 2174 tactus
294 2115 426 2175 dominus
454 2118 552 2174 noster
576 2118 658 2175 Iesus
687 2116 815 2176 Christus
840 2117 953 2191 proprie
982 2119 1010 2174 ιι
1040 2132 1107 2176 uere
1139 2117 1209 2175 dens
1242 2118 1293 2186 est,
1309 2134 1332 2176 so

172 2203 236 2262 ideo
261 2207 290 2262 et
311 2205 439 2262 sanctam
462 2207 546 2279 atque
569 2205 721 2279 gloriosam
744 2205 882 2280 uirginem
905 2206 1023 2263 llariam
1045 2204 1160 2278 proprie
1183 2207 1212 2262 et
1228 2220 1294 2262 uere

174 2291 219 2350 dei
241 2292 407 2365 genitricem
431 2291 565 2352 dicimus:
589 2310 646 2353 non
669 2293 736 2367 quia
758 2293 827 2352 deus
849 2294 969 2353 uerbum
990 2293 1163 2367 principium
1182 2310 1215 2351 ex
1232 2293 1295 2366 ipsa

173 2381 327 2455 sumpserit
352 2381 402 2439 ssd
429 2381 506 2454 quod
532 2380 562 2439 in
589 2381 696 2440 ultimis
724 2382 825 2441 diebus
853 2382 1002 2441 descendit
1029 2381 1063 2440 de
1091 2379 1179 2440 caelis
1205 2383 1236 2440 ιι
1263 2398 1295 2439 ιιι

119 2467 161 2532 17
173 2469 237 2542 ipsa
263 2468 428 2527 incamatns
456 2472 485 2527 et
508 2469 593 2529 homo
626 2469 720 2528 tactus
750 2472 835 2529 natus
867 2472 920 2529 est.
952 2486 1035 2546 quem
1067 2469 1238 2528 confitemur
1268 2472 1296 2528 et

59 2624 61 2627 ¹
173 2557 324 2629 credimus,
353 2557 428 2616 sicut
455 2556 637 2628 dictumest,
662 2558 933 2618 consubstantialem
957 2547 1019 2617 esse
1040 2558 1118 2632 patri
1140 2558 1294 2616 secundum
1310 2574 1332 2618 ιι

173 2645 305 2704 deitatem
344 2649 373 2703 et
411 2646 681 2705 consubstantialem
723 2646 807 2705 nobis
848 2646 967 2706 eundem
1006 2647 1100 2720 ipsum
1140 2647 1295 2705 secundum

171 2734 386 2804 humanitatem,
416 2734 539 2792 eiusdem
568 2735 705 2793 miracula
731 2738 760 2793 et
784 2735 944 2808 passiones,
973 2751 1044 2808 quas
1075 2737 1179 2808 sponte
1211 2751 1295 2793 carne

94 2895 96 2898 y
122 2813 317 2891 18sustinuit,
342 2825 564 2896 cognoscentem
588 2823 759 2897 suscipimus
777 2825 871 2881 autem
890 2825 991 2882 sancta
1009 2825 1143 2897 quattuor
1162 2823 1293 2893 concilia,

172 2910 203 2969 id
226 2913 270 2969 est
292 2913 482 2970 trecentorum
505 2911 602 2970 decem
622 2914 651 2969 ιι
669 2915 732 2970 octo
752 2914 913 2971 sanctorum
931 2915 1054 2985 patrum,
1072 2911 1170 2985 quiin
1187 2911 1296 2970 Nicaea

174 3000 339 3074 congregati
362 3005 437 3071 sunt,
461 3002 491 3057 et
512 3002 623 3058 centnm
648 3000 856 3074 qninquaginta
874 3004 1038 3060 sauctorum
1055 3002 1180 3073 patrum,
1199 2999 1248 3074 qui
1265 2999 1295 3057 in
1310 3020 1333 3062 ιι

171 3087 227 3146 hac
248 3087 329 3162 regia
350 3090 420 3146 urbe
443 3091 644 3160 conuenerunt,
668 3091 721 3154 <et
742 3090 904 3148 sanctorum
922 3091 1044 3162 patrum,
1065 3087 1162 3161 quiin
1180 3079 1295 3162 Epheso

171 3175 263 3250 primo
291 3176 456 3250 congregati
484 3178 561 3248 sunt,
590 3178 618 3235 et
645 3179 808 3236 sanctorum
834 3178 957 3251 patrum,
987 3176 1035 3250 qni
1061 3176 1092 3234 in
1116 3176 1296 3235 Calchedona

172 3269 401 3335 conuenerunt>
424 3264 499 3323 sicut
520 3267 617 3324 uestra
638 3265 796 3338 apostolica
818 3266 901 3324 sedes
924 3266 1009 3325 docet
1030 3267 1116 3338 atque
1137 3264 1294 3338 praedicat,

123 3349 270 3413 l9omnes
302 3370 368 3427 ergo
400 3354 562 3412 sacerdotes
593 3357 759 3427 sequentes*
777 3354 936 3413 doctrinam
972 3353 1147 3427 apostolicae
1183 3355 1295 3411 uestrae

173 3440 250 3521 sedis
277 3440 320 3498 ita
347 3442 466 3500 credunt
488 3443 517 3499 et
540 3442 710 3501 confitentur
732 3444 762 3500 et
783 3443 960 3516 praedicant.
984 3443 1060 3500 unde
1081 3441 1295 3515 properauimus
1311 3463 1333 3505 ss

171 3526 243 3587 haec
274 3530 311 3586 ad
346 3530 474 3588 notitiam
513 3528 623 3589 deterre
661 3533 772 3600 uestrae
806 3530 968 3590 sanctitatis
999 3547 1050 3603 per
1080 3529 1238 3603 Hypatium
1269 3531 1297 3587 et

208 3768 351 3820 lactenus
374 3766 400 3819 V
481 3767 652 3821 4dcniinum
673 3767 843 3838 (prodeam)
867 3766 894 3821 V
960 3768 994 3820 12
1008 3775 1085 3820 carne
1102 3765 1129 3819 V
1208 3767 1240 3820 13
1259 3767 1298 3819 ita

167 3853 258 3908 idern.
271 3853 420 3924 ‚perfectus
434 3871 484 3908 om.
505 3854 531 3908 V
565 3857 598 3909 15
612 3853 1253 3918 ΤΗΝΚΑΘῩΤΙΟΣΤΑΣΙΝΟΜΟΔΟΤΟῨΜΕΝ
1275 3853 1302 3907 V

174 3943 206 3996 19
224 3940 316 3997 sancte
338 3943 365 3996 V
482 3943 516 3997 20
534 3943 622 3998 fectus
642 3948 670 3998 ot
688 3945 809 4002 dominus
833 3944 860 3999 V
961 3946 994 3998 27
1014 3946 1107 4013 sponte
1128 3947 1158 3997 et
1174 3960 1253 3998 carne
1276 3942 1302 3997 V

172 4030 204 4084 el
225 4032 253 4084 et
271 4034 422 4085 sanctornm
435 4037 653 4086 ..conuenerunt
670 4049 720 4088 om.
744 4032 771 4085 V
807 4034 841 4087 35
859 4033 1058 4102 properabimus
1077 4047 1110 4085 aa
1126 4048 1299 4101 properamus

172 4132 239 4173 core.
263 4117 290 4172 V
337 4120 371 4173 36
389 4120 510 4190 ypatiurn
533 4119 559 4172 V
