2904 4672
544 227 631 296 sprec.
651 226 786 281 urnrxnr
804 227 952 284 rue-184.
1251 202 1315 296 281¹

539 412 540 415 ¹
630 423 790 497 capitulum
812 424 871 485 LV.
1291 424 1293 427 ’
1339 421 1402 486 182

227 550 308 608 Idem
330 549 387 608 hoc
411 547 532 607 dicimus
554 547 629 606 iuste
652 550 681 605 et
703 548 738 606 de
757 545 879 617 domino,
900 549 976 622 quod
995 549 1066 607 deus
1083 550 1202 607 uerbum
1221 550 1316 608 sciens

184 636 247 695 eius
278 637 413 696 uirtutem
446 640 474 694 et
505 636 662 695 secundnm
694 636 913 709 praescientiam
946 637 1043 696 statim
1075 637 1105 695 in
1137 637 1200 711 ipso
1232 639 1314 699 initio

184 725 449 800 complasmationis
476 725 637 784 inhabitare
659 725 744 784 bene
757 724 848 784 uoluit
871 727 899 783 et
921 725 1023 784 uniens
1047 742 1110 784 enm
1133 725 1189 785 sibi
1211 728 1315 786 affectu

150 814 343 874 suoruntatis
366 815 501 873 maiorem
525 815 667 887 quandam
688 813 858 891 praestabat
880 813 906 871 ei
928 815 1060 887 gratiam,
1083 816 1182 888 utpote
1210 816 1313 890 gratia,

183 919 258 978 quae
280 903 311 961 in
334 920 405 962 eum
421 905 475 973 est,
493 902 524 960 in
543 919 641 961 omues
659 901 791 960 homines
810 901 978 962 diuidenda:
992 903 1078 962 ,unde
1098 906 1127 961 et
1146 903 1221 963 circa
1237 905 1315 964 bona

182 991 361 1051 uoluntatem
384 992 524 1065 integram
550 991 575 1049 ei
598 991 789 1053 custodiebat.
834 1008 892 1049 non
915 991 988 1049 enim
1006 992 1063 1052 hoc
1081 992 1217 1062 dicemus,
1236 994 1312 1067 quo‘d
1338 983 1401 1051 183

182 1079 232 1139 ille
259 1081 344 1140 homo
372 1080 549 1140 uoluntatem
577 1079 705 1138 habebat
731 1079 839 1138 nnllam
868 1080 918 1138 sed
947 1081 1023 1155 qnod
1055 1080 1173 1140 uolebat
1199 1081 1314 1156 quidem

182 1169 300 1241 bonum,
324 1169 416 1243 magis
440 1171 534 1227 antem
557 1168 584 1226 ei
606 1168 767 1227 uoluntario
793 1167 944 1241 plurimum
973 1171 1072 1228 adorat
1094 1171 1123 1228 et
1144 1169 1214 1229 boni
1236 1170 1312 1229 desi-

137 1257 293 1316 roderium
317 1260 346 1316 et
369 1256 504 1316 contrarii
527 1257 632 1327 odium,
657 1258 880 1316 conseruabatur
903 1275 969 1317 nero
992 1275 1010 1316 a
1033 1257 1132 1316 diuina
1154 1258 1248 1332 gratia
1269 1259 1312 1318 iili

182 1346 317 1404 uoluntas
330 1345 445 1420 integra
458 1347 494 1404 ab
508 1344 592 1404 initio
607 1345 670 1414 deo,
687 1346 780 1419 qualis
795 1345 857 1414 erit,
873 1345 1016 1404 subtiliter
1029 1346 1148 1418 sciente,
1164 1347 1258 1422 quiet
1274 1349 1311 1406 ad

182 1435 407 1493 confirmandum
423 1452 487 1493 eum
500 1448 635 1508 magnam
648 1434 691 1493 illi
710 1434 941 1509 cooperationem
960 1435 1138 1496 habitatione
1157 1452 1210 1494 sua
1227 1452 1311 1511 prae·

183 1521 281 1582 stabat
302 1541 354 1598 pro
374 1523 499 1582 omnium
516 1526 646 1583 nostrum
664 1523 766 1582 salute.
790 1523 865 1582 uude
883 1540 937 1583 nec
955 1520 1091 1583 iniustum
1110 1524 1188 1583 dicat
1206 1516 1310 1598 aliquis

184 1629 257 1683 esse,
282 1613 358 1686 quod
376 1615 490 1686 praeter
508 1629 607 1671 omnes
624 1612 809 1686 praecipuum
827 1612 937 1685 aliquid
955 1612 1052 1670 datum
1072 1615 1116 1671 est
1131 1612 1174 1672 illi
1191 1613 1309 1684 bomini,

140 1714 165 1752 1⁵
184 1700 234 1774 qui
256 1718 274 1759 a
297 1701 410 1761 domino
434 1702 603 1775 adsumptus
626 1704 679 1760 est.

226 1820 262 1884 In
282 1819 509 1902 suprascripto
528 1818 786 1903 quinquagesimo
806 1818 913 1899 quinto
938 1818 1075 1901 capitulo
1095 1818 1219 1894 dicitur,
1239 1819 1312 1901 quia
1336 1812 1399 1881 184

183 1926 261 1990 dens
288 1925 421 1990 uerbum
448 1925 622 1990 secundnm
650 1923 887 2008 praescientiam
910 1925 1012 1988 sciens
1036 1924 1170 1989 bominis
1194 1923 1311 1990 Christi

273 2132 286 2184 1
306 2129 371 2201 Cap.
395 2129 443 2184 LV
461 2154 494 2177 =
512 2129 572 2187 Aet.
599 2131 663 2200 Syn.
686 2131 732 2186 54:
755 2131 834 2186 ‘Item
856 2126 973 2185 eiusdem
994 2131 1130 2186 Theodori
1149 2147 1183 2186 cs
1199 2137 1311 2201 quarto·

183 2219 284 2274 decimo
303 2219 372 2273 labro
390 2219 507 2285 ιε’κοάσνι
525 2219 572 2288 (sc.
592 2217 625 2272 dc
642 2219 836 2285 incarnatione)
855 2219 987 2288 opusculi*
1009 2218 1054 2284 0¹3
1074 2217 1175 2274 Graeca
1192 2222 1312 2275 seruauit

182 2304 312 2362 Leontius
337 2307 365 2372 (i.
390 2324 411 2362 c.
435 2323 460 2376 p.
485 2307 546 2372 309,
569 2308 627 2374 271:
646 2304 730 2359 Ταδτδ
750 2306 777 2359 δέ
795 2313 870 2360 τοῦτο
889 2305 1006 2378 φήσομεν
1025 2305 1129 2368 δικαίως
1147 2306 1191 2360 κοιλ
1208 2306 1249 2361 en
1265 2315 1311 2362 τοῦ

181 2393 278 2466 κορίοο,
297 2395 382 2466 δτιπερ
401 2394 415 2448 ὁ
433 2395 498 2456 θεὸς
516 2392 593 2464 λόγος
611 2392 778 2466 ἐπιστάμενος
797 2393 875 2447 αὐτοῦ
892 2395 940 2465 τὴν
960 2393 1053 2464 ἀρετὴν
1067 2395 1111 2449 καί
1123 2394 1156 2467 δὴ
1170 2397 1237 2448 κατὰ
1250 2396 1311 2468 πρέ-

181 2500 276 2552 ·χνιοσιν
295 2481 374 2545 eobo<
393 2479 496 2534 ἀνωθεν
514 2481 541 2534 έν
560 2489 592 2553 τῇ
606 2490 654 2553 τῆς
670 2480 831 2545 διαπλάσεως
845 2481 914 2554 ἀρχῇ
929 2480 1061 2553 ἐνοικῆσαί
1072 2501 1100 2536 τε
1114 2481 1257 2556 εὐδοκήσας
1270 2499 1314 2552 καὶ

184 2569 284 2633 ένάισοις
299 2567 375 2622 αὐτὸν
391 2571 473 2641 έαοτῷ
483 2576 515 2640 τῇ
527 2569 614 2641 σχέσει
623 2578 671 2642 τῆς
679 2569 785 2642 γνώμης
795 2570 900 2641 μείζονά
908 2589 964 2624 τινα
973 2557 1093 2642 παρεῖχεν
1104 2571 1173 2645 αὐτῷ
1182 2572 1230 2643 τὴν
1238 2573 1313 2646 χάριν

183 2657 221 2721 ὡς
238 2665 287 2729 τῆς
305 2657 341 2721 εἰς
360 2657 436 2710 αίιτδν
456 2657 562 2732 χάριτοσ
581 2656 618 2721 εἰς
635 2657 732 2722 πάντας
750 2661 810 2724 τοὺς
829 2657 890 2731 bib<
910 2657 1135 2730 διαδοδησομένης
1150 2658 1312 2732 ἀνθρώπους·

183 2746 247 2800 ὅθεν
257 2745 355 2816 καλιὴν
364 2745 422 2817 περί
434 2747 467 2800 τά
480 2744 548 2799 κολά
561 2747 682 2819 πρόθεσιν
698 2745 816 2817 ἀκέραιον
829 2745 898 2818 αὐτῷ
913 2744 1084 2817 διεφύλαττεν.
1098 2745 1127 2800 ot
1136 2748 1186 2818 γὰρ
1196 2744 1228 2816 δὴ
1238 2753 1313 2801 τοῦτο

184 2826 310 2906 φήσομεν,
324 2833 410 2906 δτιπερ
423 2835 442 2888 δ
452 2832 591 2906 ἄνθρωπος
604 2834 726 2906 πρόθεσιν
745 2828 812 2906 εἶχεν
831 2833 950 2908 οὐδεμίαν
969 2832 1026 2887 ἀλλ’
1036 2835 1078 2889 ’δτι
1089 2833 1254 2907 προάτέδιιτο
1268 2836 1314 2905 μέν

184 2920 255 2994 αδτῷ
277 2923 306 2974 τδ
331 2920 419 2990 καλδν,
442 2921 540 2993 μᾶλλον
565 2921 592 2974 δέ
614 2921 720 2995 πλείστη
744 2922 814 2996 αὐτῷ
832 2930 880 2994 τῆς
899 2925 933 2993 (t)
952 2923 1020 2976 surdi
1037 2922 1159 2994 πρόδισιν
1178 2915 1313 2994 ιίροσῆνῆ

183 3027 211 3060 τε
229 3015 275 3062 τοῦ
298 3008 378 3062 καλοῦ
402 3011 497 3083 στοργὴ
520 3010 564 3064 καὶ
585 3011 613 3063 εδ
637 3016 683 3062 τοῦ
708 3009 823 3064 ἐναντίου
847 3016 929 3082 μῖσος·
949 3008 1128 3082 διεφυλάττετο
1147 3007 1174 3062 δέ
1193 3007 1263 3081 αὐτῷ
1281 3012 1315 3064 τά

181 3103 232 3167 τῆς
249 3097 402 3168 προθέσεως
421 3096 529 3169 ἀκέραια
547 3097 594 3151 bnt
613 3105 662 3169 τῆς
674 3097 750 3161 θείοις
764 3097 873 3171 Ιχοὶριτος
892 3096 994 3151 ἀνωθεν
1013 3091 1058 3152 τοῦ
1076 3098 1150 3164 deod}
1170 3095 1257 3162 ὁποῖός
1275 3096 1314 3175 τίς

184 3181 261 3249 ἔστιν,
280 3183 393 3256 ἀκριβῶς
412 3185 579 3259 ἐπισταμένου
597 3187 641 3240 καί
658 3186 691 3258 δὴ
709 3187 773 3257 πρδς
791 3186 839 3256 τὴν
856 3184 947 3249 τοίιτοο
967 3184 1105 3254 βεβαίωσιν
1122 3184 1221 3257 πολλὴν
1236 3184 1314 3240 αὑτοῦ

184 3272 248 3342 (leg.
268 3271 348 3344 αὐτῷ)
367 3272 525 3344 παρέχοντος
543 3278 575 3343 τῇ
595 3270 675 3344 οἰκείᾳ
692 3271 820 3345 ἐνοικήσει
837 3273 885 3344 τὴν
899 3272 1044 3344 σονέρχειαν
1058 3271 1119 3342 ὑπέρ
1133 3278 1181 3343 τῆς
1195 3270 1313 3325 ἁπάντων

182 3358 258 3431 ἡμῶν
282 3359 420 3432 σωτηρίοις.
439 3360 502 3413 dtur
525 3357 584 3412 οάδδ
604 3359 703 3425 ἀδικίας
727 3355 792 3412 ε’ίποι
808 3379 847 3423 τις
866 3359 897 3414 ἀν
916 3353 981 3414 εἶναι
996 3360 1025 3413 τδ
1044 3361 1114 3431 παρὰ
1131 3359 1228 3422 πάντας
1248 3356 1313 3420 δξαί·

184 3445 256 3517 ρετάν
274 3465 298 3501 τι
315 3448 499 3519 παρεσχῆσθαι
516 3449 553 3520 τῷ
572 3435 619 3500 ἀπὸ
637 3447 788 3519 ποῦ’κορίοο
806 3447 933 3520 ληφθέντι
951 3442 1091 3520 ἀνθρώπῳ.

218 3587 244 3640 2-
254 3603 324 3655 psas
340 3587 398 3641 ium
415 3593 564 3656 sequuntur
579 3586 714 3644 Ἠιοοάοκί
729 3589 854 3658 capitulo
867 3604 928 3643 crem
940 3589 1033 3643 οιιιίοέο
1047 3588 1112 3643 otiis
1122 3587 1154 3653 ιἰι
1168 3586 1201 3642 0²
1212 3587 1314 3642 οκιίσοο

182 3681 260 3742 σικιις
279 3691 364 3742 ρεισκε
380 3676 411 3729 in
429 3676 467 3730 eis
484 3682 720 3746 praesequantur
738 3677 866 3732 lectiones
886 3677 985 3730 αοιέοσ
1003 3676 1103 3732 codicis
1123 3674 1156 3730 0¹
1174 3673 1313 3729 adnotabo

183 3778 274 3817 omncs
347 3763 458 3817 dicimus
476 3764 548 3819 Vt‘t·
568 3764 686 3819 dicemus
704 3765 804 3820 Sur-tue
853 3766 869 3820 3
888 3766 1067 3836 praesentiam
1086 3764 1112 3819 V
1155 3763 1313 3819 bmaiorern

184 3865 217 3903 cs
233 3850 363 3905 moiorcm
384 3850 417 3905 0¹
433 3856 547 3908 mand
629 3854 761 3922 quondam
786 3852 812 3907 V
880 3854 986 3909 bbcna
1005 3852 1118 3908 Suetus:
1133 3853 1230 3907 bonam
1254 3848 1314 3904 1⁷0⁸

184 3939 200 3992 7
220 3938 339 3993 dicemus
362 3938 435 4006 VOL·
453 3940 578 3994 docemus
596 3940 694 3996 serios
740 3941 770 3993 ll
791 3940 906 3996 scientes
929 3939 961 3995 0¹
1008 3938 1041 3995 12
1059 3957 1183 4010 magnmn
1202 3938 1312 3994 δαιίκοι

183 4042 310 4096 magnum
332 4026 363 4092 V,
381 4044 479 4097 magna
499 4027 533 4082 0¹
591 4028 773 4083 laniantum
792 4046 824 4083 ce
841 4029 942 4082 iustum
964 4026 996 4083 0¹
1015 4029 1126 4082 man.2
1215 4025 1312 4101 aliquis

185 4133 216 4170 co
235 4131 263 4168 sc
283 4130 340 4170 esse
362 4114 395 4169 θ’
