<?xml version="1.0" encoding="UTF-8"?>
<!DOCTYPE html PUBLIC "-//W3C//DTD XHTML 1.0 Transitional//EN"
    "http://www.w3.org/TR/xhtml1/DTD/xhtml1-transitional.dtd">
<html xmlns="http://www.w3.org/1999/xhtml" xml:lang="en" lang="en">
 <head>
  <title>
</title>
<meta http-equiv="Content-Type" content="text/html;charset=utf-8" />
  <meta name='ocr-system' content='tesseract 3.04.00' />
  <meta name='ocr-capabilities' content='ocr_page ocr_carea ocr_par ocr_line ocrx_word'/>
</head>
<body>
  <div class='ocr_page' id='page_1' title='image "./epistulaeimpera01gngoog_0373.png"; bbox 0 0 2904 4672; ppageno 0'>
   <div class='ocr_carea' id='block_1_1' title="bbox 206 112 1111 189">
    <p class='ocr_par' dir='ltr' id='par_1_1' title="bbox 206 112 1111 189">
     <span class='ocr_line' id='line_1_1' title="bbox 206 112 1111 189; baseline 0.001 -17"><span class='ocrx_word' id='word_1_1' title='bbox 206 117 270 181; x_wconf 84' lang='grc'><strong>268</strong></span> <span class='ocrx_word' id='word_1_2' title='bbox 479 114 574 185; x_wconf 78' lang='lat' dir='ltr'><strong>Uigilii</strong></span> <span class='ocrx_word' id='word_1_3' title='bbox 592 112 778 169; x_wconf 80' lang='lat' dir='ltr'><strong>coustitutum</strong></span> <span class='ocrx_word' id='word_1_4' title='bbox 801 114 844 171; x_wconf 80' lang='lat' dir='ltr'><strong>de</strong></span> <span class='ocrx_word' id='word_1_5' title='bbox 867 116 975 175; x_wconf 75' lang='lat' dir='ltr'><strong>tribua</strong></span> <span class='ocrx_word' id='word_1_6' title='bbox 993 116 1111 189; x_wconf 70' lang='lat' dir='ltr'><strong>espitsl&#39;n</strong></span> 
     </span>
    </p>
   </div>
   <div class='ocr_carea' id='block_1_2' title="bbox 121 305 1374 1008">
    <p class='ocr_par' dir='ltr' id='par_1_2' title="bbox 205 305 1374 499">
     <span class='ocr_line' id='line_1_2' title="bbox 205 305 1374 395; baseline 0.001 -23"><span class='ocrx_word' id='word_1_7' title='bbox 205 327 266 373; x_wconf 90' lang='lat' dir='ltr'><strong>nou</strong></span> <span class='ocrx_word' id='word_1_8' title='bbox 292 309 385 375; x_wconf 86' lang='lat' dir='ltr'><strong>deum</strong></span> <span class='ocrx_word' id='word_1_9' title='bbox 411 308 540 373; x_wconf 86' lang='lat' dir='ltr'><strong>uerbum</strong></span> <span class='ocrx_word' id='word_1_10' title='bbox 569 307 653 371; x_wconf 86' lang='lat' dir='ltr'><strong>dicat</strong></span> <span class='ocrx_word' id='word_1_11' title='bbox 679 305 736 370; x_wconf 85' lang='lat' dir='ltr'><strong>sed</strong></span> <span class='ocrx_word' id='word_1_12' title='bbox 765 314 968 395; x_wconf 85' lang='lat' dir='ltr'><strong>sumptum</strong></span> <span class='ocrx_word' id='word_1_13' title='bbox 1003 330 1063 395; x_wconf 90' lang='lat' dir='ltr'><strong>pro</strong></span> <span class='ocrx_word' id='word_1_14' title='bbox 1091 308 1163 377; x_wconf 80' lang='lat' dir='ltr'><strong>notit</strong></span> <span class='ocrx_word' id='word_1_15' title='bbox 1178 306 1265 381; x_wconf 57' lang='lat' dir='ltr'><strong>lin</strong></span> <span class='ocrx_word' id='word_1_16' title='bbox 1370 338 1374 373; x_wconf 71' lang='lat' dir='ltr'><strong>r</strong></span> 
     </span>
     <span class='ocr_line' id='line_1_3' title="bbox 205 410 1272 499; baseline -0.002 -20"><span class='ocrx_word' id='word_1_17' title='bbox 205 433 298 497; x_wconf 88' lang='lat' dir='ltr'><strong>quem</strong></span> <span class='ocrx_word' id='word_1_18' title='bbox 325 415 425 479; x_wconf 85' lang='lat' dir='ltr'><strong>filium</strong></span> <span class='ocrx_word' id='word_1_19' title='bbox 452 414 563 479; x_wconf 86' lang='lat' dir='ltr'><strong>beatus</strong></span> <span class='ocrx_word' id='word_1_20' title='bbox 594 411 758 496; x_wconf 82' lang='lat' dir='ltr'><strong>spostolus</strong></span> <span class='ocrx_word' id='word_1_21' title='bbox 796 416 1003 483; x_wconf 82' lang='lat' dir='ltr'><strong>manifeste</strong></span> <span class='ocrx_word' id='word_1_22' title='bbox 1036 418 1139 483; x_wconf 77' lang='lat' dir='ltr'><strong>uocet:</strong></span> <span class='ocrx_word' id='word_1_23' title='bbox 1161 410 1272 499; x_wconf 64' lang='lat' dir='ltr'><strong>quaeum</strong></span> 
     </span>
    </p>

    <p class='ocr_par' dir='ltr' id='par_1_3' title="bbox 121 514 1307 1008">
     <span class='ocr_line' id='line_1_4' title="bbox 121 514 1279 607; baseline 0.005 -26"><span class='ocrx_word' id='word_1_24' title='bbox 121 516 182 581; x_wconf 88' lang='lat'><strong>138</strong></span> <span class='ocrx_word' id='word_1_25' title='bbox 206 520 374 585; x_wconf 83' lang='lat' dir='ltr'><strong>ostendunt</strong></span> <span class='ocrx_word' id='word_1_26' title='bbox 399 520 528 596; x_wconf 84' lang='lat' dir='ltr'><strong>nudum,</strong></span> <span class='ocrx_word' id='word_1_27' title='bbox 556 518 640 583; x_wconf 91' lang='lat' dir='ltr'><strong>sicut</strong></span> <span class='ocrx_word' id='word_1_28' title='bbox 666 516 790 583; x_wconf 84' lang='lat' dir='ltr'><strong>dietum</strong></span> <span class='ocrx_word' id='word_1_29' title='bbox 819 524 893 600; x_wconf 85' lang='lat' dir='ltr'><strong>est,</strong></span> <span class='ocrx_word' id='word_1_30' title='bbox 922 522 1103 589; x_wconf 85' lang='lat' dir='ltr'><strong>homiuem</strong></span> <span class='ocrx_word' id='word_1_31' title='bbox 1120 514 1279 607; x_wconf 58' lang='lat' dir='ltr'><strong>passari</strong></span> 
     </span>
     <span class='ocr_line' id='line_1_5' title="bbox 206 621 1285 713; baseline 0.003 -23"><span class='ocrx_word' id='word_1_32' title='bbox 206 644 280 710; x_wconf 83' lang='lat' dir='ltr'><strong>ergo</strong></span> <span class='ocrx_word' id='word_1_33' title='bbox 303 625 379 690; x_wconf 87' lang='lat' dir='ltr'><strong>haec</strong></span> <span class='ocrx_word' id='word_1_34' title='bbox 402 625 447 690; x_wconf 87' lang='lat' dir='ltr'><strong>itu</strong></span> <span class='ocrx_word' id='word_1_35' title='bbox 469 624 553 707; x_wconf 87' lang='lat' dir='ltr'><strong>sapit</strong></span> <span class='ocrx_word' id='word_1_36' title='bbox 574 623 666 689; x_wconf 88' lang='lat' dir='ltr'><strong>docet</strong></span> <span class='ocrx_word' id='word_1_37' title='bbox 688 621 791 687; x_wconf 89' lang='lat' dir='ltr'><strong>credit</strong></span> <span class='ocrx_word' id='word_1_38' title='bbox 816 630 887 692; x_wconf 85' lang='lat' dir='ltr'><strong>aut</strong></span> <span class='ocrx_word' id='word_1_39' title='bbox 906 629 1094 713; x_wconf 82' lang='lat' dir='ltr'><strong>praedIcat</strong></span> <span class='ocrx_word' id='word_1_40' title='bbox 1109 622 1285 701; x_wconf 64' lang='lat' dir='ltr'><strong>etuormh</strong></span> 
     </span>
     <span class='ocr_line' id='line_1_6' title="bbox 206 724 1307 815; baseline -0.001 -20"><span class='ocrx_word' id='word_1_41' title='bbox 206 730 260 815; x_wconf 90' lang='lat' dir='ltr'><strong>qui</strong></span> <span class='ocrx_word' id='word_1_42' title='bbox 282 750 317 796; x_wconf 84' lang='lat' dir='ltr'><strong>or</strong></span> <span class='ocrx_word' id='word_1_43' title='bbox 340 732 457 795; x_wconf 88' lang='lat' dir='ltr'><strong>semiue</strong></span> <span class='ocrx_word' id='word_1_44' title='bbox 480 730 582 795; x_wconf 89' lang='lat' dir='ltr'><strong>Dauid</strong></span> <span class='ocrx_word' id='word_1_45' title='bbox 606 727 780 794; x_wconf 87' lang='lat' dir='ltr'><strong>secundum</strong></span> <span class='ocrx_word' id='word_1_46' title='bbox 804 748 959 800; x_wconf 82' lang='lat' dir='ltr'><strong>caruem</strong></span> <span class='ocrx_word' id='word_1_47' title='bbox 986 740 1093 803; x_wconf 81' lang='lat' dir='ltr'><strong>uatus</strong></span> <span class='ocrx_word' id='word_1_48' title='bbox 1110 724 1307 809; x_wconf 66' lang='lat' dir='ltr'><strong>eminulis</strong></span> 
     </span>
     <span class='ocr_line' id='line_1_7' title="bbox 205 835 1295 927; baseline 0.009 -26"><span class='ocrx_word' id='word_1_49' title='bbox 205 837 339 919; x_wconf 87' lang='lat' dir='ltr'><strong>apostoli</strong></span> <span class='ocrx_word' id='word_1_50' title='bbox 366 855 474 902; x_wconf 87' lang='lat' dir='ltr'><strong>uocem</strong></span> <span class='ocrx_word' id='word_1_51' title='bbox 502 836 605 918; x_wconf 88' lang='lat' dir='ltr'><strong>ipsum</strong></span> <span class='ocrx_word' id='word_1_52' title='bbox 634 835 732 900; x_wconf 83' lang='lat' dir='ltr'><strong>credit</strong></span> <span class='ocrx_word' id='word_1_53' title='bbox 758 853 833 900; x_wconf 89' lang='lat' dir='ltr'><strong>esse</strong></span> <span class='ocrx_word' id='word_1_54' title='bbox 867 838 986 907; x_wconf 81' lang='lat' dir='ltr'><strong>etism</strong></span> <span class='ocrx_word' id='word_1_55' title='bbox 1018 860 1121 927; x_wconf 88' lang='lat' dir='ltr'><strong>super</strong></span> <span class='ocrx_word' id='word_1_56' title='bbox 1144 838 1224 907; x_wconf 78' lang='lat' dir='ltr'><strong>oum</strong></span> <span class='ocrx_word' id='word_1_57' title='bbox 1238 836 1295 911; x_wconf 63' lang='lat' dir='ltr'><strong>ht·</strong></span> 
     </span>
     <span class='ocr_line' id='line_1_8' title="bbox 207 942 442 1008; baseline 0.004 -2"><span class='ocrx_word' id='word_1_58' title='bbox 207 942 369 1007; x_wconf 87' lang='lat' dir='ltr'><strong>anathema</strong></span> <span class='ocrx_word' id='word_1_59' title='bbox 391 942 442 1008; x_wconf 91' lang='lat' dir='ltr'><strong>sit.</strong></span> 
     </span>
    </p>
   </div>
   <div class='ocr_carea' id='block_1_3' title="bbox 121 1132 942 1212">
    <p class='ocr_par' dir='ltr' id='par_1_4' title="bbox 121 1132 942 1212">
     <span class='ocr_line' id='line_1_9' title="bbox 121 1132 942 1212; baseline 0.01 -15"><span class='ocrx_word' id='word_1_60' title='bbox 121 1132 183 1198; x_wconf 81' lang='lat'><strong>139</strong></span> <span class='ocrx_word' id='word_1_61' title='bbox 613 1138 774 1212; x_wconf 84' lang='lat' dir='ltr'><strong>Capitulum</strong></span> <span class='ocrx_word' id='word_1_62' title='bbox 796 1138 942 1205; x_wconf 81' lang='lat' dir='ltr'>XXXVI.</span> 
     </span>
    </p>
   </div>
   <div class='ocr_carea' id='block_1_4' title="bbox 207 1260 1332 1501">
    <p class='ocr_par' dir='ltr' id='par_1_5' title="bbox 207 1260 1332 1501">
     <span class='ocr_line' id='line_1_10' title="bbox 251 1260 1310 1346; baseline 0.004 -27"><span class='ocrx_word' id='word_1_63' title='bbox 251 1262 378 1321; x_wconf 84' lang='lat' dir='ltr'><strong>Renatus</strong></span> <span class='ocrx_word' id='word_1_64' title='bbox 400 1262 472 1320; x_wconf 84' lang='lat' dir='ltr'><strong>alter</strong></span> <span class='ocrx_word' id='word_1_65' title='bbox 493 1260 588 1320; x_wconf 84' lang='lat' dir='ltr'><strong>factus</strong></span> <span class='ocrx_word' id='word_1_66' title='bbox 612 1264 656 1319; x_wconf 90' lang='lat' dir='ltr'><strong>est</strong></span> <span class='ocrx_word' id='word_1_67' title='bbox 677 1278 728 1335; x_wconf 91' lang='lat' dir='ltr'><strong>pro</strong></span> <span class='ocrx_word' id='word_1_68' title='bbox 752 1260 853 1339; x_wconf 84' lang='lat' dir='ltr'><strong>altero,</strong></span> <span class='ocrx_word' id='word_1_69' title='bbox 879 1280 952 1325; x_wconf 91' lang='lat' dir='ltr'><strong>non</strong></span> <span class='ocrx_word' id='word_1_70' title='bbox 978 1268 1049 1329; x_wconf 83' lang='lat' dir='ltr'><strong>iarn</strong></span> <span class='ocrx_word' id='word_1_71' title='bbox 1074 1288 1147 1346; x_wconf 76' lang='lat' dir='ltr'><strong>pars</strong></span> <span class='ocrx_word' id='word_1_72' title='bbox 1166 1268 1241 1335; x_wconf 77' lang='lat' dir='ltr'><strong>Iolen</strong></span> <span class='ocrx_word' id='word_1_73' title='bbox 1254 1264 1310 1323; x_wconf 71' lang='lat' dir='ltr'><strong>um</strong></span> 
     </span>
     <span class='ocr_line' id='line_1_11' title="bbox 207 1348 1332 1435; baseline -0.003 -27"><span class='ocrx_word' id='word_1_74' title='bbox 207 1350 274 1409; x_wconf 89' lang='lat' dir='ltr'><strong>bilis</strong></span> <span class='ocrx_word' id='word_1_75' title='bbox 298 1355 326 1409; x_wconf 89' lang='lat' dir='ltr'><strong>et</strong></span> <span class='ocrx_word' id='word_1_76' title='bbox 347 1350 473 1426; x_wconf 85' lang='lat' dir='ltr'><strong>peccatis</strong></span> <span class='ocrx_word' id='word_1_77' title='bbox 495 1350 659 1409; x_wconf 75' lang='lat' dir='ltr'><strong>circumfusi</strong></span> <span class='ocrx_word' id='word_1_78' title='bbox 677 1350 728 1409; x_wconf 86' lang='lat' dir='ltr'><strong>sod</strong></span> <span class='ocrx_word' id='word_1_79' title='bbox 748 1348 864 1421; x_wconf 75' lang='lat' dir='ltr'>Christi,</span> <span class='ocrx_word' id='word_1_80' title='bbox 886 1354 948 1427; x_wconf 88' lang='lat' dir='ltr'><strong>qui</strong></span> <span class='ocrx_word' id='word_1_81' title='bbox 970 1358 1106 1419; x_wconf 90' lang='lat' dir='ltr'><strong>omniuo</strong></span> <span class='ocrx_word' id='word_1_82' title='bbox 1124 1352 1332 1435; x_wconf 75' lang='lat' dir='ltr'><strong>inculpstsl&#39;spn</strong></span> 
     </span>
     <span class='ocr_line' id='line_1_12' title="bbox 209 1438 634 1501; baseline 0.009 -5"><span class='ocrx_word' id='word_1_83' title='bbox 209 1440 440 1499; x_wconf 72' lang='lat' dir='ltr'><strong>resurrectionem</strong></span> <span class='ocrx_word' id='word_1_84' title='bbox 463 1438 557 1499; x_wconf 83' lang='lat' dir='ltr'><strong>factus</strong></span> <span class='ocrx_word' id='word_1_85' title='bbox 581 1442 634 1501; x_wconf 85' lang='lat' dir='ltr'><strong>est.</strong></span> 
     </span>
    </p>
   </div>
   <div class='ocr_carea' id='block_1_5' title="bbox 122 1557 1322 1753">
    <p class='ocr_par' dir='ltr' id='par_1_6' title="bbox 122 1557 1322 1753">
     <span class='ocr_line' id='line_1_13' title="bbox 122 1557 1319 1650; baseline 0.013 -30"><span class='ocrx_word' id='word_1_86' title='bbox 122 1557 184 1621; x_wconf 75' lang='lat'><strong>140</strong></span> <span class='ocrx_word' id='word_1_87' title='bbox 250 1557 285 1621; x_wconf 93' lang='lat' dir='ltr'><strong>lu</strong></span> <span class='ocrx_word' id='word_1_88' title='bbox 309 1575 403 1640; x_wconf 88' lang='lat' dir='ltr'><strong>supra</strong></span> <span class='ocrx_word' id='word_1_89' title='bbox 424 1557 541 1640; x_wconf 92' lang='lat' dir='ltr'><strong>scripto</strong></span> <span class='ocrx_word' id='word_1_90' title='bbox 559 1557 717 1649; x_wconf 81' lang='lat' dir='ltr'><strong>tricesimo</strong></span> <span class='ocrx_word' id='word_1_91' title='bbox 736 1559 823 1623; x_wconf 85' lang='lat' dir='ltr'><strong>serto</strong></span> <span class='ocrx_word' id='word_1_92' title='bbox 842 1559 1014 1643; x_wconf 84' lang='lat' dir='ltr'><strong>capitulo,</strong></span> <span class='ocrx_word' id='word_1_93' title='bbox 1037 1568 1102 1633; x_wconf 87' lang='lat' dir='ltr'><strong>ubi</strong></span> <span class='ocrx_word' id='word_1_94' title='bbox 1122 1568 1162 1633; x_wconf 84' lang='lat' dir='ltr'><strong>ad</strong></span> <span class='ocrx_word' id='word_1_95' title='bbox 1181 1562 1319 1650; x_wconf 64' lang='lat' dir='ltr'><strong>heptat·</strong></span> 
     </span>
     <span class='ocr_line' id='line_1_14' title="bbox 206 1662 1322 1753; baseline 0.011 -27"><span class='ocrx_word' id='word_1_96' title='bbox 206 1662 330 1741; x_wconf 86' lang='lat' dir='ltr'><strong>dicitur,</strong></span> <span class='ocrx_word' id='word_1_97' title='bbox 353 1663 427 1746; x_wconf 87' lang='lat' dir='ltr'><strong>quia</strong></span> <span class='ocrx_word' id='word_1_98' title='bbox 447 1664 583 1728; x_wconf 80' lang='lat' dir='ltr'><strong>‘renatus</strong></span> <span class='ocrx_word' id='word_1_99' title='bbox 606 1664 685 1728; x_wconf 84' lang='lat' dir='ltr'><strong>ulter</strong></span> <span class='ocrx_word' id='word_1_100' title='bbox 705 1664 808 1728; x_wconf 84' lang='lat' dir='ltr'><strong>fuctus</strong></span> <span class='ocrx_word' id='word_1_101' title='bbox 832 1666 884 1727; x_wconf 90' lang='lat' dir='ltr'><strong>est</strong></span> <span class='ocrx_word' id='word_1_102' title='bbox 907 1684 950 1730; x_wconf 88' lang='lat' dir='ltr'><strong>ex</strong></span> <span class='ocrx_word' id='word_1_103' title='bbox 977 1670 1106 1753; x_wconf 79' lang='lat' dir='ltr'><strong>altero,</strong></span> <span class='ocrx_word' id='word_1_104' title='bbox 1131 1694 1193 1741; x_wconf 91' lang='lat' dir='ltr'><strong>nou</strong></span> <span class='ocrx_word' id='word_1_105' title='bbox 1212 1672 1264 1737; x_wconf 80' lang='lat' dir='ltr'><strong>iam</strong></span> <span class='ocrx_word' id='word_1_106' title='bbox 1277 1680 1322 1751; x_wconf 73' lang='lat' dir='ltr'><strong>pn</strong></span> 
     </span>
    </p>
   </div>
   <div class='ocr_carea' id='block_1_6' title="bbox 204 1760 1374 2259">
    <p class='ocr_par' dir='ltr' id='par_1_7' title="bbox 204 1760 1374 2259">
     <span class='ocr_line' id='line_1_15' title="bbox 206 1760 1324 1865; baseline 0.007 -32"><span class='ocrx_word' id='word_1_107' title='bbox 206 1760 305 1833; x_wconf 80' lang='lat' dir='ltr'><strong>Idam</strong></span> <span class='ocrx_word' id='word_1_108' title='bbox 327 1769 488 1836; x_wconf 88' lang='lat' dir='ltr'><strong>mutabilis</strong></span> <span class='ocrx_word' id='word_1_109' title='bbox 508 1773 540 1833; x_wconf 89' lang='lat' dir='ltr'><strong>et</strong></span> <span class='ocrx_word' id='word_1_110' title='bbox 556 1770 693 1851; x_wconf 83' lang='lat' dir='ltr'><strong>peccatis</strong></span> <span class='ocrx_word' id='word_1_111' title='bbox 713 1769 896 1835; x_wconf 78' lang='lat' dir='ltr'><strong>circumfusi</strong></span> <span class='ocrx_word' id='word_1_112' title='bbox 916 1774 982 1839; x_wconf 82' lang='lat' dir='ltr'><strong>sed</strong></span> <span class='ocrx_word' id='word_1_113' title='bbox 1005 1776 1154 1859; x_wconf 74' lang='lat' dir='ltr'><strong>onmes,</strong></span> <span class='ocrx_word' id='word_1_114' title='bbox 1172 1780 1225 1865; x_wconf 82' lang='lat' dir='ltr'><strong>oui</strong></span> <span class='ocrx_word' id='word_1_115' title='bbox 1238 1772 1324 1843; x_wconf 74' lang='lat' dir='ltr'><strong>omitt</strong></span> 
     </span>
     <span class='ocr_line' id='line_1_16' title="bbox 204 1874 1349 1969; baseline 0.008 -31"><span class='ocrx_word' id='word_1_116' title='bbox 204 1874 403 1958; x_wconf 86' lang='lat' dir='ltr'><strong>inculpabilis</strong></span> <span class='ocrx_word' id='word_1_117' title='bbox 438 1894 493 1958; x_wconf 88' lang='lat' dir='ltr'><strong>per</strong></span> <span class='ocrx_word' id='word_1_118' title='bbox 527 1875 786 1941; x_wconf 77' lang='lat' dir='ltr'><strong>resurrectionem</strong></span> <span class='ocrx_word' id='word_1_119' title='bbox 820 1876 927 1941; x_wconf 88' lang='lat' dir='ltr'><strong>factus</strong></span> <span class='ocrx_word' id='word_1_120' title='bbox 968 1883 1051 1961; x_wconf 88' lang='lat' dir='ltr'><strong>est’,</strong></span> <span class='ocrx_word' id='word_1_121' title='bbox 1100 1886 1222 1969; x_wconf 85' lang='lat' dir='ltr'><strong>quibus</strong></span> <span class='ocrx_word' id='word_1_122' title='bbox 1254 1876 1349 1947; x_wconf 66' lang='lat' dir='ltr'><strong>uelit</strong></span> 
     </span>
     <span class='ocr_line' id='line_1_17' title="bbox 206 1979 1374 2077; baseline 0.006 -30"><span class='ocrx_word' id='word_1_123' title='bbox 206 1979 364 2047; x_wconf 76' lang='lat' dir='ltr'><strong>Christum</strong></span> <span class='ocrx_word' id='word_1_124' title='bbox 392 1984 462 2045; x_wconf 90' lang='lat' dir='ltr'><strong>unte</strong></span> <span class='ocrx_word' id='word_1_125' title='bbox 488 1980 755 2057; x_wconf 81' lang='lat' dir='ltr'><strong>resurrectionem,</strong></span> <span class='ocrx_word' id='word_1_126' title='bbox 783 1980 868 2063; x_wconf 87' lang='lat' dir='ltr'><strong>quod</strong></span> <span class='ocrx_word' id='word_1_127' title='bbox 893 1981 998 2063; x_wconf 88' lang='lat' dir='ltr'><strong>absit,</strong></span> <span class='ocrx_word' id='word_1_128' title='bbox 1030 1990 1116 2057; x_wconf 89' lang='lat' dir='ltr'><strong>uult</strong></span> <span class='ocrx_word' id='word_1_129' title='bbox 1144 1990 1244 2057; x_wconf 84' lang='lat' dir='ltr'><strong>uideri</strong></span> <span class='ocrx_word' id='word_1_130' title='bbox 1260 1984 1330 2053; x_wconf 73' lang='lat' dir='ltr'><strong>ruine</strong></span> <span class='ocrx_word' id='word_1_131' title='bbox 1372 2056 1374 2077; x_wconf 49' lang='grc' dir='ltr'>Ι</span> 
     </span>
     <span class='ocr_line' id='line_1_18' title="bbox 206 2085 1374 2177; baseline 0.016 -28"><span class='ocrx_word' id='word_1_132' title='bbox 206 2085 409 2169; x_wconf 83' lang='lat' dir='ltr'><strong>culpabilem:</strong></span> <span class='ocrx_word' id='word_1_133' title='bbox 434 2086 486 2170; x_wconf 91' lang='lat' dir='ltr'><strong>qui</strong></span> <span class='ocrx_word' id='word_1_134' title='bbox 509 2106 582 2171; x_wconf 85' lang='lat' dir='ltr'><strong>ergo</strong></span> <span class='ocrx_word' id='word_1_135' title='bbox 605 2088 682 2153; x_wconf 87' lang='lat' dir='ltr'><strong>haec</strong></span> <span class='ocrx_word' id='word_1_136' title='bbox 700 2087 747 2151; x_wconf 87' lang='lat' dir='ltr'><strong>ita</strong></span> <span class='ocrx_word' id='word_1_137' title='bbox 764 2087 847 2171; x_wconf 86' lang='lat' dir='ltr'><strong>sapit</strong></span> <span class='ocrx_word' id='word_1_138' title='bbox 865 2087 961 2153; x_wconf 88' lang='lat' dir='ltr'><strong>docet</strong></span> <span class='ocrx_word' id='word_1_139' title='bbox 980 2094 1099 2162; x_wconf 86' lang='lat' dir='ltr'><strong>credit</strong></span> <span class='ocrx_word' id='word_1_140' title='bbox 1118 2090 1332 2177; x_wconf 69' lang='lat' dir='ltr'><strong>surpuerat</strong></span> <span class='ocrx_word' id='word_1_141' title='bbox 1372 2094 1374 2099; x_wconf 71' lang='grc'><strong>’</strong></span> 
     </span>
     <span class='ocr_line' id='line_1_19' title="bbox 206 2190 1029 2259; baseline 0.01 -5"><span class='ocrx_word' id='word_1_142' title='bbox 206 2190 368 2256; x_wconf 88' lang='lat' dir='ltr'><strong>anathema</strong></span> <span class='ocrx_word' id='word_1_143' title='bbox 390 2192 442 2259; x_wconf 87' lang='lat' dir='ltr'><strong>sit.</strong></span> <span class='ocrx_word' id='word_1_144' title='bbox 1026 2214 1029 2219; x_wconf 86' lang='lat'>·</span> 
     </span>
    </p>
   </div>
   <div class='ocr_carea' id='block_1_7' title="bbox 120 2387 931 2463">
    <p class='ocr_par' dir='ltr' id='par_1_8' title="bbox 120 2387 931 2463">
     <span class='ocr_line' id='line_1_20' title="bbox 120 2387 931 2463; baseline -0.007 -11"><span class='ocrx_word' id='word_1_145' title='bbox 120 2389 179 2453; x_wconf 84' lang='lat'><strong>141</strong></span> <span class='ocrx_word' id='word_1_146' title='bbox 606 2387 768 2463; x_wconf 77' lang='lat' dir='ltr'><strong>Capitulum</strong></span> <span class='ocrx_word' id='word_1_147' title='bbox 790 2388 931 2447; x_wconf 80' lang='lat' dir='ltr'>XXXVII.</span> 
     </span>
    </p>
   </div>
   <div class='ocr_carea' id='block_1_8' title="bbox 204 2511 1370 3043">
    <p class='ocr_par' dir='ltr' id='par_1_9' title="bbox 204 2511 1370 3043">
     <span class='ocr_line' id='line_1_21' title="bbox 248 2511 1366 2587; baseline -0.002 -17"><span class='ocrx_word' id='word_1_148' title='bbox 248 2511 286 2570; x_wconf 92' lang='lat' dir='ltr'><strong>Ut</strong></span> <span class='ocrx_word' id='word_1_149' title='bbox 307 2512 425 2570; x_wconf 89' lang='lat' dir='ltr'><strong>multam</strong></span> <span class='ocrx_word' id='word_1_150' title='bbox 448 2511 561 2586; x_wconf 84' lang='lat' dir='ltr'><strong>quidem</strong></span> <span class='ocrx_word' id='word_1_151' title='bbox 585 2512 645 2571; x_wconf 90' lang='lat' dir='ltr'><strong>eius</strong></span> <span class='ocrx_word' id='word_1_152' title='bbox 667 2512 776 2572; x_wconf 84' lang='lat' dir='ltr'><strong>iaceret</strong></span> <span class='ocrx_word' id='word_1_153' title='bbox 798 2511 987 2587; x_wconf 76' lang='lat' dir='ltr'><strong>diligentiam,</strong></span> <span class='ocrx_word' id='word_1_154' title='bbox 1012 2518 1122 2577; x_wconf 83' lang='lat' dir='ltr'><strong>omnia</strong></span> <span class='ocrx_word' id='word_1_155' title='bbox 1152 2524 1253 2581; x_wconf 79' lang='lat' dir='ltr'><strong>autem</strong></span> <span class='ocrx_word' id='word_1_156' title='bbox 1275 2514 1366 2577; x_wconf 66' lang='lat' dir='ltr'><strong>Ilius»</strong></span> 
     </span>
     <span class='ocr_line' id='line_1_22' title="bbox 205 2599 1339 2683; baseline 0.009 -25"><span class='ocrx_word' id='word_1_157' title='bbox 205 2601 320 2675; x_wconf 90' lang='lat' dir='ltr'><strong>propria</strong></span> <span class='ocrx_word' id='word_1_158' title='bbox 341 2599 449 2659; x_wconf 82' lang='lat' dir='ltr'><strong>faceret</strong></span> <span class='ocrx_word' id='word_1_159' title='bbox 466 2603 495 2659; x_wconf 89' lang='lat' dir='ltr'><strong>ot</strong></span> <span class='ocrx_word' id='word_1_160' title='bbox 511 2601 645 2660; x_wconf 73' lang='lat' dir='ltr'><strong>toleraret</strong></span> <span class='ocrx_word' id='word_1_161' title='bbox 667 2618 719 2675; x_wconf 86' lang='lat' dir='ltr'><strong>per</strong></span> <span class='ocrx_word' id='word_1_162' title='bbox 740 2618 838 2661; x_wconf 91' lang='lat' dir='ltr'><strong>omnes</strong></span> <span class='ocrx_word' id='word_1_163' title='bbox 858 2618 890 2661; x_wconf 95' lang='lat' dir='ltr'><strong>eo</strong></span> <span class='ocrx_word' id='word_1_164' title='bbox 909 2601 995 2661; x_wconf 86' lang='lat' dir='ltr'><strong>‹luoto</strong></span> <span class='ocrx_word' id='word_1_165' title='bbox 1013 2606 1194 2680; x_wconf 83' lang='lat' dir='ltr'><strong>passiones,</strong></span> <span class='ocrx_word' id='word_1_166' title='bbox 1212 2626 1265 2683; x_wconf 88' lang='lat' dir='ltr'><strong>per</strong></span> <span class='ocrx_word' id='word_1_167' title='bbox 1279 2620 1339 2681; x_wconf 74' lang='lat' dir='ltr'><strong>pnes</strong></span> 
     </span>
     <span class='ocr_line' id='line_1_23' title="bbox 206 2688 1339 2764; baseline 0.006 -16"><span class='ocrx_word' id='word_1_168' title='bbox 206 2706 269 2757; x_wconf 88' lang='lat' dir='ltr'><strong>eum</strong></span> <span class='ocrx_word' id='word_1_169' title='bbox 292 2690 449 2749; x_wconf 85' lang='lat' dir='ltr'><strong>secuudum</strong></span> <span class='ocrx_word' id='word_1_170' title='bbox 467 2706 548 2748; x_wconf 82' lang='lat' dir='ltr'><strong>suam</strong></span> <span class='ocrx_word' id='word_1_171' title='bbox 566 2689 700 2748; x_wconf 91' lang='lat' dir='ltr'><strong>uirtutem</strong></span> <span class='ocrx_word' id='word_1_172' title='bbox 718 2688 875 2764; x_wconf 82' lang='lat' dir='ltr'><strong>perfectum</strong></span> <span class='ocrx_word' id='word_1_173' title='bbox 893 2688 972 2757; x_wconf 83' lang='lat' dir='ltr'><strong>fecit,</strong></span> <span class='ocrx_word' id='word_1_174' title='bbox 991 2706 1048 2751; x_wconf 84' lang='lat' dir='ltr'><strong>nec</strong></span> <span class='ocrx_word' id='word_1_175' title='bbox 1069 2710 1091 2751; x_wconf 85' lang='lat' dir='ltr'><strong>a</strong></span> <span class='ocrx_word' id='word_1_176' title='bbox 1109 2700 1231 2758; x_wconf 87' lang='lat' dir='ltr'><strong>mortuo</strong></span> <span class='ocrx_word' id='word_1_177' title='bbox 1249 2711 1339 2756; x_wconf 87' lang='lat' dir='ltr'><strong>secuu-</strong></span> 
     </span>
     <span class='ocr_line' id='line_1_24' title="bbox 206 2778 1339 2860; baseline 0.002 -23"><span class='ocrx_word' id='word_1_178' title='bbox 206 2779 272 2837; x_wconf 90' lang='lat' dir='ltr'><strong>dum</strong></span> <span class='ocrx_word' id='word_1_179' title='bbox 296 2794 364 2837; x_wconf 89' lang='lat' dir='ltr'><strong>suae</strong></span> <span class='ocrx_word' id='word_1_180' title='bbox 386 2780 504 2836; x_wconf 86' lang='lat' dir='ltr'><strong>naturae</strong></span> <span class='ocrx_word' id='word_1_181' title='bbox 526 2778 619 2851; x_wconf 84' lang='lat' dir='ltr'><strong>legem</strong></span> <span class='ocrx_word' id='word_1_182' title='bbox 639 2779 775 2837; x_wconf 87' lang='lat' dir='ltr'><strong>recedens</strong></span> <span class='ocrx_word' id='word_1_183' title='bbox 793 2780 845 2837; x_wconf 78' lang='lat' dir='ltr'><strong>soci</strong></span> <span class='ocrx_word' id='word_1_184' title='bbox 863 2796 917 2837; x_wconf 89' lang='lat' dir='ltr'><strong>sua</strong></span> <span class='ocrx_word' id='word_1_185' title='bbox 938 2780 1112 2853; x_wconf 86' lang='lat' dir='ltr'><strong>praesentia</strong></span> <span class='ocrx_word' id='word_1_186' title='bbox 1130 2787 1165 2843; x_wconf 87' lang='lat' dir='ltr'><strong>et</strong></span> <span class='ocrx_word' id='word_1_187' title='bbox 1183 2784 1339 2860; x_wconf 82' lang='lat' dir='ltr'><strong>operatione</strong></span> 
     </span>
     <span class='ocr_line' id='line_1_25' title="bbox 205 2866 1338 2947; baseline 0.008 -21"><span class='ocrx_word' id='word_1_188' title='bbox 205 2871 234 2926; x_wconf 90' lang='lat' dir='ltr'><strong>ot</strong></span> <span class='ocrx_word' id='word_1_189' title='bbox 255 2867 348 2942; x_wconf 72' lang='lat' dir='ltr'><strong>gratia</strong></span> <span class='ocrx_word' id='word_1_190' title='bbox 369 2866 495 2926; x_wconf 89' lang='lat' dir='ltr'><strong>liberans</strong></span> <span class='ocrx_word' id='word_1_191' title='bbox 518 2867 632 2941; x_wconf 87' lang='lat' dir='ltr'><strong>quidem</strong></span> <span class='ocrx_word' id='word_1_192' title='bbox 656 2883 719 2925; x_wconf 90' lang='lat' dir='ltr'><strong>oum</strong></span> <span class='ocrx_word' id='word_1_193' title='bbox 743 2867 778 2925; x_wconf 88' lang='lat' dir='ltr'><strong>do</strong></span> <span class='ocrx_word' id='word_1_194' title='bbox 800 2869 890 2927; x_wconf 88' lang='lat' dir='ltr'><strong>morte</strong></span> <span class='ocrx_word' id='word_1_195' title='bbox 903 2870 943 2947; x_wconf 15' lang='lat' dir='ltr'><strong>*et</strong></span> <span class='ocrx_word' id='word_1_196' title='bbox 960 2866 1052 2939; x_wconf 82' lang='lat' dir='ltr'><strong>malis,</strong></span> <span class='ocrx_word' id='word_1_197' title='bbox 1075 2887 1156 2944; x_wconf 83' lang='lat' dir='ltr'><strong>quse</strong></span> <span class='ocrx_word' id='word_1_198' title='bbox 1181 2873 1253 2933; x_wconf 79' lang='lat' dir='ltr'><strong>iurle</strong></span> <span class='ocrx_word' id='word_1_199' title='bbox 1270 2873 1338 2941; x_wconf 83' lang='lat' dir='ltr'><strong>sunt.</strong></span> 
     </span>
     <span class='ocr_line' id='line_1_26' title="bbox 204 2956 1370 3043; baseline 0.001 -27"><span class='ocrx_word' id='word_1_200' title='bbox 204 2956 380 3016; x_wconf 85' lang='lat' dir='ltr'><strong>resuscitans</strong></span> <span class='ocrx_word' id='word_1_201' title='bbox 402 2957 496 3014; x_wconf 83' lang='lat' dir='ltr'><strong>autem</strong></span> <span class='ocrx_word' id='word_1_202' title='bbox 520 2972 583 3014; x_wconf 92' lang='lat' dir='ltr'><strong>eum</strong></span> <span class='ocrx_word' id='word_1_203' title='bbox 603 2956 638 3014; x_wconf 86' lang='lat' dir='ltr'><strong>de</strong></span> <span class='ocrx_word' id='word_1_204' title='bbox 656 2956 775 3015; x_wconf 90' lang='lat' dir='ltr'><strong>mortuis</strong></span> <span class='ocrx_word' id='word_1_205' title='bbox 794 2958 876 3015; x_wconf 83' lang='lat' dir='ltr'><strong>etad</strong></span> <span class='ocrx_word' id='word_1_206' title='bbox 894 2956 1038 3043; x_wconf 70' lang='lat' dir='ltr'><strong>multorom</strong></span> <span class='ocrx_word' id='word_1_207' title='bbox 1056 2956 1149 3019; x_wconf 84' lang='lat' dir='ltr'><strong>tinem</strong></span> <span class='ocrx_word' id='word_1_208' title='bbox 1168 2963 1370 3035; x_wconf 80' lang='lat' dir='ltr'><strong>perducenss</strong></span> 
     </span>
    </p>
   </div>
   <div class='ocr_carea' id='block_1_9' title="bbox 119 3074 1338 3267">
    <p class='ocr_par' dir='ltr' id='par_1_10' title="bbox 119 3074 1338 3267">
     <span class='ocr_line' id='line_1_27' title="bbox 119 3074 1338 3162; baseline -0.002 -17"><span class='ocrx_word' id='word_1_209' title='bbox 119 3081 181 3145; x_wconf 75' lang='lat'><strong>142</strong></span> <span class='ocrx_word' id='word_1_210' title='bbox 247 3075 284 3140; x_wconf 93' lang='lat' dir='ltr'><strong>Iu</strong></span> <span class='ocrx_word' id='word_1_211' title='bbox 312 3094 407 3158; x_wconf 88' lang='lat' dir='ltr'><strong>supra</strong></span> <span class='ocrx_word' id='word_1_212' title='bbox 434 3074 550 3157; x_wconf 88' lang='lat' dir='ltr'><strong>scripto</strong></span> <span class='ocrx_word' id='word_1_213' title='bbox 577 3075 737 3140; x_wconf 88' lang='lat' dir='ltr'><strong>tricesimo</strong></span> <span class='ocrx_word' id='word_1_214' title='bbox 766 3075 900 3158; x_wconf 84' lang='lat' dir='ltr'><strong>septimo</strong></span> <span class='ocrx_word' id='word_1_215' title='bbox 929 3074 1066 3159; x_wconf 85' lang='lat' dir='ltr'><strong>capitulo</strong></span> <span class='ocrx_word' id='word_1_216' title='bbox 1102 3077 1239 3157; x_wconf 85' lang='lat' dir='ltr'><strong>dicitur,</strong></span> <span class='ocrx_word' id='word_1_217' title='bbox 1272 3075 1338 3162; x_wconf 86' lang='lat' dir='ltr'><strong>quie</strong></span> 
     </span>
     <span class='ocr_line' id='line_1_28' title="bbox 206 3179 1337 3267; baseline 0.001 -21"><span class='ocrx_word' id='word_1_218' title='bbox 206 3179 329 3246; x_wconf 79' lang='lat' dir='ltr'><strong>Christo</strong></span> <span class='ocrx_word' id='word_1_219' title='bbox 356 3179 388 3244; x_wconf 93' lang='lat' dir='ltr'><strong>iu</strong></span> <span class='ocrx_word' id='word_1_220' title='bbox 414 3180 614 3264; x_wconf 78' lang='lat' dir='ltr'><strong>passionibus</strong></span> <span class='ocrx_word' id='word_1_221' title='bbox 642 3180 730 3245; x_wconf 91' lang='lat' dir='ltr'><strong>etin</strong></span> <span class='ocrx_word' id='word_1_222' title='bbox 757 3184 858 3246; x_wconf 90' lang='lat' dir='ltr'><strong>morte</strong></span> <span class='ocrx_word' id='word_1_223' title='bbox 887 3181 964 3247; x_wconf 87' lang='lat' dir='ltr'><strong>deus</strong></span> <span class='ocrx_word' id='word_1_224' title='bbox 994 3180 1128 3247; x_wconf 88' lang='lat' dir='ltr'><strong>uerbum</strong></span> <span class='ocrx_word' id='word_1_225' title='bbox 1161 3183 1337 3267; x_wconf 79' lang='lat' dir='ltr'><strong>praeseutia</strong></span> 
     </span>
    </p>
   </div>
   <div class='ocr_carea' id='block_1_10' title="bbox 205 3285 1335 3477">
    <p class='ocr_par' dir='ltr' id='par_1_11' title="bbox 205 3285 1335 3477">
     <span class='ocr_line' id='line_1_29' title="bbox 205 3285 1335 3373; baseline 0.004 -23"><span class='ocrx_word' id='word_1_226' title='bbox 205 3288 237 3350; x_wconf 87' lang='lat' dir='ltr'><strong>et</strong></span> <span class='ocrx_word' id='word_1_227' title='bbox 264 3285 440 3369; x_wconf 90' lang='lat' dir='ltr'><strong>operatione</strong></span> <span class='ocrx_word' id='word_1_228' title='bbox 467 3287 500 3350; x_wconf 90' lang='lat' dir='ltr'><strong>et</strong></span> <span class='ocrx_word' id='word_1_229' title='bbox 526 3286 627 3371; x_wconf 79' lang='lat' dir='ltr'><strong>gratia</strong></span> <span class='ocrx_word' id='word_1_230' title='bbox 653 3286 804 3352; x_wconf 82' lang='lat' dir='ltr'><strong>adiuerit:</strong></span> <span class='ocrx_word' id='word_1_231' title='bbox 833 3285 916 3370; x_wconf 83' lang='lat' dir='ltr'><strong>quod</strong></span> <span class='ocrx_word' id='word_1_232' title='bbox 943 3287 972 3352; x_wconf 90' lang='lat' dir='ltr'><strong>si</strong></span> <span class='ocrx_word' id='word_1_233' title='bbox 1002 3287 1048 3352; x_wconf 86' lang='lat' dir='ltr'><strong>ita</strong></span> <span class='ocrx_word' id='word_1_234' title='bbox 1079 3291 1141 3365; x_wconf 83' lang='lat' dir='ltr'><strong>ost,</strong></span> <span class='ocrx_word' id='word_1_235' title='bbox 1174 3290 1335 3373; x_wconf 80' lang='lat' dir='ltr'><strong>tamquam</strong></span> 
     </span>
     <span class='ocr_line' id='line_1_30' title="bbox 205 3391 1334 3477; baseline 0.004 -22"><span class='ocrx_word' id='word_1_236' title='bbox 205 3391 283 3456; x_wconf 88' lang='lat' dir='ltr'><strong>alter</strong></span> <span class='ocrx_word' id='word_1_237' title='bbox 305 3391 395 3456; x_wconf 89' lang='lat' dir='ltr'><strong>alteri</strong></span> <span class='ocrx_word' id='word_1_238' title='bbox 416 3410 563 3475; x_wconf 84' lang='lat' dir='ltr'><strong>praescus</strong></span> <span class='ocrx_word' id='word_1_239' title='bbox 586 3392 720 3477; x_wconf 83' lang='lat' dir='ltr'><strong>gratiam</strong></span> <span class='ocrx_word' id='word_1_240' title='bbox 741 3395 774 3457; x_wconf 89' lang='lat' dir='ltr'><strong>ot</strong></span> <span class='ocrx_word' id='word_1_241' title='bbox 796 3393 1005 3477; x_wconf 86' lang='lat' dir='ltr'><strong>operationem</strong></span> <span class='ocrx_word' id='word_1_242' title='bbox 1027 3393 1226 3476; x_wconf 88' lang='lat' dir='ltr'><strong>impendisse</strong></span> <span class='ocrx_word' id='word_1_243' title='bbox 1254 3394 1334 3460; x_wconf 79' lang='lat' dir='ltr'><strong>uide</strong></span> 
     </span>
    </p>
   </div>
   <div class='ocr_carea' id='block_1_11' title="bbox 205 3612 1336 3776">
    <p class='ocr_par' dir='ltr' id='par_1_12' title="bbox 205 3612 1336 3776">
     <span class='ocr_line' id='line_1_31' title="bbox 292 3612 1334 3689; baseline 0.008 -20"><span class='ocrx_word' id='word_1_244' title='bbox 292 3615 309 3670; x_wconf 88' lang='lat'>8</span> <span class='ocrx_word' id='word_1_245' title='bbox 333 3612 396 3685; x_wconf 82' lang='lat' dir='ltr'><strong>Cep.</strong></span> <span class='ocrx_word' id='word_1_246' title='bbox 420 3615 531 3671; x_wconf 89' lang='lat' dir='ltr'>XXXVI</span> <span class='ocrx_word' id='word_1_247' title='bbox 553 3641 588 3665; x_wconf 94' lang='lat'><strong>=</strong></span> <span class='ocrx_word' id='word_1_248' title='bbox 611 3620 671 3674; x_wconf 75' lang='lat' dir='ltr'><strong>Act.</strong></span> <span class='ocrx_word' id='word_1_249' title='bbox 694 3618 757 3689; x_wconf 82' lang='lat' dir='ltr'><strong>Syn.</strong></span> <span class='ocrx_word' id='word_1_250' title='bbox 780 3618 826 3673; x_wconf 79' lang='lat'><strong>36:</strong></span> <span class='ocrx_word' id='word_1_251' title='bbox 854 3619 993 3674; x_wconf 75' lang='lat' dir='ltr'><strong>‘Eiusdem</strong></span> <span class='ocrx_word' id='word_1_252' title='bbox 1021 3618 1159 3689; x_wconf 71' lang='lat' dir='ltr'><strong>Theodori</strong></span> <span class='ocrx_word' id='word_1_253' title='bbox 1187 3637 1221 3676; x_wconf 80' lang='lat' dir='ltr'><strong>eor</strong></span> <span class='ocrx_word' id='word_1_254' title='bbox 1246 3622 1334 3677; x_wconf 69' lang='lat' dir='ltr'><strong>eodem</strong></span> 
     </span>
     <span class='ocr_line' id='line_1_32' title="bbox 205 3701 1336 3776; baseline 0.004 -19"><span class='ocrx_word' id='word_1_255' title='bbox 205 3701 322 3758; x_wconf 74' lang='lat' dir='ltr'><strong>libro&#39;G</strong></span> <span class='ocrx_word' id='word_1_256' title='bbox 356 3703 389 3774; x_wconf 84' lang='lat'><strong>19</strong></span> <span class='ocrx_word' id='word_1_257' title='bbox 403 3704 468 3775; x_wconf 77' lang='lat' dir='ltr'><strong>Gap.</strong></span> <span class='ocrx_word' id='word_1_258' title='bbox 486 3705 611 3760; x_wconf 86' lang='lat' dir='ltr'>XXXVII</span> <span class='ocrx_word' id='word_1_259' title='bbox 625 3731 659 3754; x_wconf 93' lang='lat'><strong><em>=</em></strong></span> <span class='ocrx_word' id='word_1_260' title='bbox 672 3706 732 3761; x_wconf 77' lang='lat' dir='ltr'><strong>Act.</strong></span> <span class='ocrx_word' id='word_1_261' title='bbox 751 3707 813 3776; x_wconf 84' lang='lat' dir='ltr'><strong>Syn.</strong></span> <span class='ocrx_word' id='word_1_262' title='bbox 833 3707 880 3762; x_wconf 74' lang='lat'><strong>37:</strong></span> <span class='ocrx_word' id='word_1_263' title='bbox 900 3707 1039 3762; x_wconf 75' lang='lat' dir='ltr'><strong>‘Eiusdem</strong></span> <span class='ocrx_word' id='word_1_264' title='bbox 1057 3724 1090 3762; x_wconf 75' lang='lat' dir='ltr'><strong>ex</strong></span> <span class='ocrx_word' id='word_1_265' title='bbox 1106 3708 1200 3763; x_wconf 78' lang='lat' dir='ltr'><strong>eedem</strong></span> <span class='ocrx_word' id='word_1_266' title='bbox 1218 3706 1336 3765; x_wconf 47' lang='lat' dir='ltr'><strong>uorat</strong></span> 
     </span>
    </p>
   </div>
   <div class='ocr_carea' id='block_1_12' title="bbox 205 3818 1333 4078">
    <p class='ocr_par' dir='ltr' id='par_1_13' title="bbox 205 3818 1333 4078">
     <span class='ocr_line' id='line_1_33' title="bbox 240 3818 1331 3901; baseline 0.005 -21"><span class='ocrx_word' id='word_1_267' title='bbox 240 3827 347 3881; x_wconf 84' lang='lat' dir='ltr'><strong>5isuta</strong></span> <span class='ocrx_word' id='word_1_268' title='bbox 369 3827 401 3892; x_wconf 87' lang='lat' dir='ltr'><strong>V,</strong></span> <span class='ocrx_word' id='word_1_269' title='bbox 419 3844 486 3883; x_wconf 85' lang='lat' dir='ltr'><strong>corr.</strong></span> <span class='ocrx_word' id='word_1_270' title='bbox 506 3844 524 3881; x_wconf 81' lang='lat' dir='ltr'><strong>a</strong></span> <span class='ocrx_word' id='word_1_271' title='bbox 581 3830 660 3885; x_wconf 76' lang='lat' dir='ltr'><strong>tlest</strong></span> <span class='ocrx_word' id='word_1_272' title='bbox 682 3828 751 3884; x_wconf 69' lang='lat' dir='ltr'>V01:</span> <span class='ocrx_word' id='word_1_273' title='bbox 771 3846 799 3884; x_wconf 88' lang='lat' dir='ltr'><strong>es</strong></span> <span class='ocrx_word' id='word_1_274' title='bbox 820 3826 853 3880; x_wconf 76' lang='lat'><strong>6²</strong></span> <span class='ocrx_word' id='word_1_275' title='bbox 911 3831 943 3884; x_wconf 91' lang='grc'><strong>10</strong></span> <span class='ocrx_word' id='word_1_276' title='bbox 961 3829 1113 3901; x_wconf 86' lang='lat' dir='ltr'><strong>peccetiV</strong></span> <span class='ocrx_word' id='word_1_277' title='bbox 1164 3833 1199 3886; x_wconf 85' lang='lat'><strong>21</strong></span> <span class='ocrx_word' id='word_1_278' title='bbox 1221 3818 1331 3888; x_wconf 82' lang='lat' dir='ltr'><strong>ettole·</strong></span> 
     </span>
     <span class='ocr_line' id='line_1_34' title="bbox 205 3916 1333 3989; baseline 0.006 -21"><span class='ocrx_word' id='word_1_279' title='bbox 205 3916 457 3985; x_wconf 82' lang='lat' dir='ltr'><strong>taret..passionee</strong></span> <span class='ocrx_word' id='word_1_280' title='bbox 475 3932 525 3971; x_wconf 79' lang='lat' dir='ltr'><strong>orn.</strong></span> <span class='ocrx_word' id='word_1_281' title='bbox 541 3916 574 3971; x_wconf 87' lang='lat' dir='ltr'><strong>C²</strong></span> <span class='ocrx_word' id='word_1_282' title='bbox 643 3917 781 3973; x_wconf 85' lang='lat' dir='ltr'><strong>tolleraret</strong></span> <span class='ocrx_word' id='word_1_283' title='bbox 798 3918 825 3973; x_wconf 88' lang='lat' dir='ltr'>V</span> <span class='ocrx_word' id='word_1_284' title='bbox 892 3917 964 3973; x_wconf 88' lang='lat' dir='ltr'><strong>dicto</strong></span> <span class='ocrx_word' id='word_1_285' title='bbox 980 3918 1013 3975; x_wconf 63' lang='grc' dir='ltr'><strong>θ’</strong></span> <span class='ocrx_word' id='word_1_286' title='bbox 1083 3920 1224 3989; x_wconf 83' lang='lat' dir='ltr'><strong>passiones</strong></span> <span class='ocrx_word' id='word_1_287' title='bbox 1237 3937 1288 3977; x_wconf 84' lang='lat' dir='ltr'><strong>om.</strong></span> <span class='ocrx_word' id='word_1_288' title='bbox 1302 3917 1333 3975; x_wconf 64' lang='grc' dir='ltr'><strong>θ’</strong></span> 
     </span>
     <span class='ocr_line' id='line_1_35' title="bbox 205 4003 1229 4078; baseline 0.005 -22"><span class='ocrx_word' id='word_1_289' title='bbox 205 4003 239 4056; x_wconf 83' lang='lat'><strong>22</strong></span> <span class='ocrx_word' id='word_1_290' title='bbox 257 4004 369 4058; x_wconf 87' lang='lat' dir='ltr'><strong>mortuis</strong></span> <span class='ocrx_word' id='word_1_291' title='bbox 388 4004 468 4074; x_wconf 72' lang='lat' dir='ltr'><strong>culpo</strong></span> <span class='ocrx_word' id='word_1_292' title='bbox 523 4006 557 4059; x_wconf 85' lang='lat'><strong>28</strong></span> <span class='ocrx_word' id='word_1_293' title='bbox 576 4007 665 4076; x_wconf 82' lang='lat' dir='ltr'><strong>gratia</strong></span> <span class='ocrx_word' id='word_1_294' title='bbox 681 4006 793 4075; x_wconf 61' lang='lat' dir='ltr'><strong>scripsi.-</strong></span> <span class='ocrx_word' id='word_1_295' title='bbox 810 4006 845 4061; x_wconf 84' lang='lat' dir='ltr'><strong>ad</strong></span> <span class='ocrx_word' id='word_1_296' title='bbox 864 4008 951 4078; x_wconf 76' lang='lat' dir='ltr'><strong>gratia</strong></span> <span class='ocrx_word' id='word_1_297' title='bbox 974 4009 1005 4074; x_wconf 89' lang='lat' dir='ltr'><strong>V,</strong></span> <span class='ocrx_word' id='word_1_298' title='bbox 1026 4007 1059 4062; x_wconf 85' lang='lat' dir='ltr'><strong>ad</strong></span> <span class='ocrx_word' id='word_1_299' title='bbox 1078 4008 1194 4078; x_wconf 75' lang='lat' dir='ltr'><strong>gratim</strong></span> <span class='ocrx_word' id='word_1_300' title='bbox 1215 4028 1229 4061; x_wconf 87' lang='lat' dir='ltr'><strong>e</strong></span> 
     </span>
    </p>
   </div>
   <div class='ocr_carea' id='block_1_13' title="bbox 0 0 1456 4672">
    <p class='ocr_par' dir='ltr' id='par_1_14' title="bbox 0 0 1456 4672">
     <span class='ocr_line' id='line_1_36' title="bbox 0 0 1456 4672; baseline 0 2"><span class='ocrx_word' id='word_1_301' title='bbox 0 0 1456 4672; x_wconf 95' lang='lat' dir='ltr'><strong> </strong></span> 
     </span>
    </p>
   </div>
  </div>
 </body>
</html>
