2904 4672
63 211 209 278 LXXXII
475 208 770 277 Prolegomena.

63 425 138 470 uero
159 403 314 469 lectiones
337 402 483 468 editionis
505 400 711 478 Matritensis,
731 399 882 482 aquibus
902 402 934 464 et
953 399 980 462 V
999 403 1031 465 et
1047 400 1060 465 i
1076 400 1189 482 pariter
1253 418 1260 425 ·

61 510 236 588 discedunt,
260 509 440 574 adnotarem
462 507 576 572 litteris
599 504 720 570 ‘cona‘
743 505 905 589 adpositis.

225 702 278 766 De
310 699 560 766 collectione
592 697 1031 781 Dionysio-Hadriana.

104 825 170 903 llis,
194 844 274 908 qnae
297 823 426 906 exposui
450 823 487 889 de
510 823 628 887 ratione
655 822 737 894 inter
757 821 942 885 Auellanam
964 825 997 886 et
1018 821 1236 904 Hispanam-

61 931 280 1010 intercedente,
304 933 380 1014 ‚apte
409 930 586 995 adiciuntur
611 947 712 1012 pauca
734 928 772 993 de
802 927 946 1010 epistulis
977 931 1010 993 et
1037 928 1188 993 Auellana

61 1040 93 1102 et
114 1036 439 1120 Dionysio-Hadriana
461 1034 593 1100 traditis.

104 1142 290 1226 Principalis
308 1143 408 1208 forma
426 1141 621 1207 collectionis
641 1140 844 1206 decretalium
863 1160 881 1204 a
899 1139 1049 1223 Dionysio
1068 1140 1186 1224 Exiguo

59 1248 235 1326 institutae,
263 1249 387 1331 qualem
415 1267 488 1331 prae
517 1247 629 1312 ceteris
653 1246 777 1312 exhibet
799 1245 866 1311 cod.
889 1245 945 1310 lat.
967 1245 1066 1312 Paris.
1091 1247 1185 1320 3837,

62 1374 134 1421 cum
160 1354 314 1419 Auellana
341 1353 428 1423 nullo
454 1353 581 1419 uinculo
610 1371 725 1418 conexa
747 1356 808 1427 est;
837 1351 1005 1434 epistulam
1028 1351 1112 1416 enim
1135 1353 1184 1428 37,

61 1479 140 1544 quae
163 1460 249 1524 etin
272 1459 330 1524 bac
352 1459 470 1543 legitur
493 1460 577 1523 etin
600 1458 664 1534 illa,
684 1444 784 1540 neque
807 1476 842 1521 ex
860 1457 1012 1522 Auellana
1035 1458 1186 1524 transisse

59 1567 95 1631 in·
114 1566 338 1650 Dionysianam
361 1584 462 1648 neque
486 1585 521 1629 111
543 1565 602 1628 hac
624 1564 656 1628 in
675 1564 761 1631 illam
780 1583 873 1646 quem
893 1562 1067 1627 certissime
1086 1582 1123 1628 ex
1141 1563 1183 1627 eia

49 1672 174 1748 euadit,
184 1691 263 1755 qnae
276 1692 306 1755 p.
319 1672 373 1736 LX
387 1691 434 1754 sq.
445 1671 482 1736 de
497 1671 555 1735 hac
570 1670 707 1753 epistula
720 1669 858 1734 breuiter
872 1667 1066 1734 adumbraui.
1080 1669 1183 1750 plures

59 1796 303 1860 quemquamne
327 1795 380 1841 eae
403 1776 526 1858 quidem
552 1776 671 1840 multae
690 1774 842 1858 epistulae
859 1776 1029 1839 Auellanae
1048 1794 1184 1839 commu-

58 1901 113 1948 nes
143 1887 217 1949 sunt
248 1902 319 1947 curn
353 1901 389 1946 ea
416 1881 625 1964 Dionysianae
652 1880 751 1945 forma
778 1881 960 1959 recentiore,
990 1899 1082 1963 quam
1117 1881 1183 1944 siue

57 1987 414 2073 Dionysio-Hadrianum
446 1987 513 2051 siue
545 1986 734 2051 Hadrianum
767 1987 921 2070 adpellare
951 1987 1182 2057 consueuimus.

58 2095 181 2161 exhibet
199 2094 280 2159 enim
294 2092 453 2158 Hadriana
465 2097 587 2174 praeter
605 2112 652 2176 ep.
668 2094 709 2158 37
723 2093 895 2158 Auellanae
909 2093 1059 2176 epistulas
1073 2097 1181 2163 hasce:

103 2199 135 2286 1)
158 2199 345 2266 Hormisdae
369 2198 409 2263 ad
429 2198 627 2282 presbyteros
647 2211 706 2263 etc.
726 2199 881 2264 secundae
901 2199 1007 2282 Syriae
1026 2202 1181 2285 epistulae

57 2302 159 2370 Lectis
181 2305 289 2369 litteris
307 2304 362 2388 (=
375 2303 479 2371 Auell.
499 2324 546 2387 ep.
567 2304 643 2390 140)
667 2305 793 2368 initium
814 2323 916 2387 usque
931 2305 969 2370 ad
983 2306 1078 2371 uerba
1096 2310 1181 2386 572„

57 2411 254 2476 considerans
262 2411 430 2492 propbeta3
446 2411 485 2476 cl.
500 2411 654 2487 Maassen,
671 2410 783 2478 Gesch.
800 2409 829 2474 d.
845 2409 921 2489 Q...
936 2431 966 2493 p.
981 2413 1045 2477 448
1056 2433 1085 2477 n.
1098 2416 1139 2479 20
1152 2415 1179 2482 d.

101 2517 134 2603 2)
167 2517 335 2599 epistulam
365 2517 478 2582 Iustini
512 2517 550 2580 ad
580 2517 781 2582 Hormisdam
816 2515 880 2595 Quo
908 2517 1032 2600 fuimus
1062 2540 1181 2601 semper

54 2619 114 2707 ·(=
128 2622 230 2688 duell.
255 2641 302 2705 ep.
326 2623 404 2709 232)
428 2643 490 2687 nna
516 2642 588 2687 cum
616 2623 731 2687 adnexa
754 2622 950 2688 sacerdotum
974 2621 1179 2690 Orientalium

53 2727 283 2813 'supplicatione
301 2727 436 2793 Haurite
454 2750 567 2810 aquom
583 2726 638 2812 (=
652 2729 756 2793 druell.
777 2748 823 2812 ep.
839 2730 942 2814 232·);
963 2729 1003 2794 cf.
1022 2731 1176 2809 Maassen,

54 2836 76 2900 l.
101 2853 127 2900 c.
149 2854 180 2898 n.
204 2835 315 2899 abab.

97 2941 132 3029 3)
156 2940 323 3024 epistulam
346 2941 532 3006 Hormisdae
556 2941 595 3006 ad
616 2941 773 3006 Iustinum
795 2941 883 3005 Inter
900 2963 936 3007 eo
954 2963 1032 3026 quoe
1050 2943 1093 3006 cd
1108 2945 1178 3008 oroi·

54 3050 146 3112 aaa
164 3045 221 3131 (=
233 3047 336 3112 Auell.
356 3068 385 3114 n.
406 3047 494 3134 236),
514 3067 607 3130 quam
625 3066 719 3131 supra
740 3047 878 3112 uidimus
902 3051 1003 3113 extare
1020 3054 1178 3131 praeterea

55 3152 150 3219 etiam
171 3156 204 3217 in
228 3154 413 3219 collectione
436 3154 591 3236 Hispana3
616 3154 655 3219 cf.
679 3154 824 3218 Maassen
846 3155 868 3218 1.
893 3174 918 3221 c.
943 3175 972 3220 n.
997 3157 1039 3219 20
1049 3175 1075 3221 o.

99 3255 183 3337 Quas
211 3258 386 3324 Hadrianae
418 3259 570 3341 epistulas
599 3259 627 3323 si
653 3260 821 3325 contuleris
848 3281 920 3326 cum
952 3262 1056 3327 uerbis
1082 3264 1176 3328 Auel·

52 3362 151 3442 lanae,
175 3366 207 3429 et
228 3365 307 3428 hanc
331 3368 363 3428 et
384 3364 471 3428 illam
494 3365 601 3430 statim
625 3365 747 3430 uidebis
769 3367 860 3450 plane
883 3367 1010 3432 eandem
1033 3369 1176 3435 exhibere

51 3470 276 3545 recensionem3
310 3470 417 3535 eadem
445 3471 526 3535 enim
553 3471 653 3535 forma
678 3471 925 3556 inscriptionum,
949 3475 1074 3539 eaedem
1104 3476 1175 3540 sub·

52 3574 248 3658 scriptiones,
272 3576 398 3641 eaedem
421 3577 553 3658 denique
575 3577 659 3640 haud
681 3597 797 3660 paucae
819 3582 1019 3663 corruptelae.
1044 3600 1175 3662 quarum

53 3678 205 3744 adtulisse
243 3681 381 3746 sufficiat
416 3683 486 3747 has:
579 3682 655 3766 704,
690 3703 734 3765 sq.
769 3686 800 3748 et
835 3684 863 3746 V
900 3687 932 3749 et
960 3705 1072 3770 magna
1103 3708 1174 3772 pars

53 3784 197 3850 codicum
219 3783 420 3870 H(adrianae)
442 3789 604 3870 praebent:
624 3789 729 3871 sontes
750 3789 862 3854 salotis
883 3791 1073 3873 casopolicos
1094 3796 1176 3858 ceri*

52 3894 129 3954 tates
146 3891 392 3975 praedicationes
413 3893 574 3977 montesio
591 3894 761 3974 ostendens,
785 3896 840 3961 ubi
857 3898 1002 3961 ueritates
1024 3918 1096 3964 cum
1120 3902 1174 3966 ali-

51 4000 129 4078 quot
157 3997 332 4062 Hadrianae
364 3998 524 4064 codicibus
554 4000 586 4064 in
617 4003 759 4066 ueritatis
790 4004 1005 4087 corrigendum
1037 4007 1172 4072 uidetur.

52 4103 141 4189 70511
167 4123 212 4186 sq.
236 4105 378 4169 dominus
399 4109 501 4169 noster
517 4106 606 4170 Iesus
627 4103 769 4172 Christos
789 4129 871 4174 uoce
893 4114 938 4174 est
955 4131 992 4174 eo
1012 4118 1122 4176 saceio
1145 4119 1173 4177 et
