2904 4672
502 213 588 284 Epist.
607 214 727 268 XXXXV
745 171 824 270 348.
1165 218 1225 280 101

105 410 296 494 alienigenas
320 407 566 473 ordinationibus
593 406 675 470 intra
699 403 822 471 'Gallias
846 405 1020 470 sacerdotia
1041 405 1229 484 uindicasse,

106 516 222 598 quibus
246 534 279 580 se
301 513 364 597 ipsi
386 513 510 596 propria
532 512 714 576 abdicauere
737 512 901 589 sententia,
931 520 1060 595 nosque,
1091 512 1167 576 licet
1198 515 1232 577 et

105 621 176 696 alia,
200 624 269 685 tum
295 635 401 683 eorum
425 617 462 681 de
486 637 520 682 se
548 615 783 698 paenitudinem
807 620 838 680 et
861 616 1086 683 confessionem
1118 619 1230 697 secuti,

104 724 292 791 sacerdotali
312 743 369 789 eos
392 724 461 789 loco
486 725 518 788 et
541 722 626 788 omni
648 723 864 787 communione
889 724 1118 788 summouinus
1152 724 1230 788 satis

68 834 207 915 surget,
232 849 358 896 causam
382 849 400 893 a
421 829 538 894 talibus
564 828 757 909 processisse
789 847 844 911 per
874 829 996 893 litteras
1027 829 1060 894 in
1092 829 1229 894 absentis

106 937 175 1002 eius
199 937 441 1012 accusationem,
465 934 518 1016 qui
541 932 574 999 se
597 953 743 1016 praesens
765 936 883 1014 tuetur,
907 935 960 1015 qui
984 935 1108 1018 exponit
1124 935 1229 1014 fidem,

104 1043 161 1125 qui
183 1044 335 1125 prouocat
357 1042 565 1106 accusantem.
633 1059 803 1121 numquam
826 1040 930 1124 piguit
951 1041 983 1104 in
1001 1040 1117 1105 melius
1135 1045 1229 1106 rotor·
1253 1043 1274 1106 6

105 1149 188 1214 sisse
219 1147 382 1213 iudicium.
415 1145 600 1211 adulescens
632 1149 664 1213 et
695 1147 797 1211 sancti
828 1146 957 1228 spiritus
990 1157 1155 1223 executor,-
1177 1146 1230 1228 qui

105 1253 280 1319 Susannam
310 1252 467 1318 seniorum
498 1252 635 1332 falsitate
655 1248 843 1317 damnatam
875 1252 996 1317 inuenit
1015 1251 1230 1330 innocentem:

57 1386 86 1427 ro
103 1359 265 1424 reducitur
286 1378 305 1422 a
327 1357 481 1441 supplicio
505 1360 591 1422 casta
612 1376 667 1439 per
689 1376 830 1440 puerum,
855 1377 933 1440 quae
956 1376 1011 1440 per
1038 1357 1230 1442 grandaeuos

103 1465 234 1550 fingitur
256 1464 424 1546 impudica.
447 1481 509 1528 non
532 1482 605 1546 ergo
630 1464 724 1541 omni,
748 1463 832 1527 sicut
855 1467 983 1528 cautum
1015 1467 1081 1541 est,
1107 1464 1231 1548 spiritui

105 1570 296 1635 credendum
326 1571 381 1635 sed
411 1569 464 1634 diu
497 1569 664 1652 appensius
691 1569 932 1634 examinandum
966 1572 1024 1647 est,
1046 1569 1230 1651 praesertim

105 1677 145 1742 de
176 1671 244 1741 tide¹
266 1675 413 1754 hominis,
436 1675 492 1741 nbi
521 1678 624 1740 status
648 1674 715 1740 eius
739 1678 771 1739 et
794 1675 859 1739 uita
889 1678 1041 1763 perpetua
1073 1679 1132 1740 est.
1173 1693 1230 1751 nec
1254 1681 1272 1743 7

10 1776 13 1786 ⁶
105 1782 303 1862 Salomonem
343 1781 458 1863 fefellit
485 1781 517 1844 in
547 1781 704 1864 puerperii
735 1781 808 1845 rixa·
830 1781 973 1846 ueritatis
1006 1781 1137 1864 indago:
1169 1798 1230 1845 non

58 1916 86 1957 aa
105 1888 190 1952 cuim
213 1887 321 1962 statim
345 1886 466 1951 duabus
488 1886 618 1951 feminis
636 1886 717 1952 inter
740 1905 773 1951 se
800 1886 997 1971 iurgantibus
1029 1885 1085 1951 uni
1115 1886 1229 1970 pignus

105 1992 224 2057 addixit
247 1992 370 2057 sediti
392 1991 508 2056 arbiter
528 1992 624 2056 fidem
647 1992 884 2059 cunctabundus
906 1992 1037 2070 inuenit,
1060 1991 1116 2057 nbi
1138 2009 1240 2059 uerae¹

104 2097 232 2182 pietatis
255 2097 409 2162 intellexit
431 2098 587 2163 affectum.
616 2117 766 2180 perquam
788 2118 893 2163 rarum
925 2098 976 2176 sit,
1008 2101 1046 2162 ut
1075 2100 1170 2182 longa
1200 2101 1232 2162 et

105 2204 264 2289 castigata
298 2203 456 2269 cunctatio
495 2223 557 2269 non
586 2204 627 2268 ad
658 2195 739 2269 ueri
757 2204 860 2269 cubile
890 2205 1062 2288 perueniat.
1095 2204 1231 2288 optimae

103 2310 220 2375 mentis
241 2309 395 2375 indicium
417 2312 468 2374 est
489 2328 585 2392 praua
608 2309 769 2376 difficilius
793 2312 926 2388 credere,
951 2329 1021 2373 nam
1036 2311 1230 2394 plemmque,
1269 2293 1271 2298 ’

48 2449 86 2489 ‚20
106 2431 239 2500 quorum
263 2416 301 2480 de
325 2435 358 2480 se
381 2416 480 2481 bonae
512 2416 700 2481 confessioni
730 2417 851 2501 pigrius
884 2415 1049 2481 adhibetur
1073 2414 1166 2493 fides,
1198 2415 1231 2478 iu

103 2521 192 2586 illius
216 2520 328 2585 erroris
351 2521 518 2604 abruptum
541 2521 727 2586 necessitate
751 2525 907 2606 coguntur
937 2524 970 2586 et
998 2503 1231 2586 inremediabile

103 2627 223 2692 uulnus
247 2626 392 2704 efficitur,
417 2626 501 2708 quod
525 2627 707 2709 desperatur
728 2628 839 2693 sanari.
906 2627 989 2692 unde
1011 2627 1044 2691 iu
1073 2626 1230 2710 praesenti
1253 2637 1272 2699 8

105 2751 202 2797 eausa
224 2732 303 2796 nihil
325 2751 455 2816 praecor
476 2733 744 2815 immutummque
768 2733 947 2798 censuimus
966 2731 1020 2798 sed
1037 2733 1231 2796 innotescere
1283 2727 1284 2732 ’

105 2837 268 2903 sanctitati
289 2841 413 2902 uestrae
437 2857 532 2920 super
563 2839 709 2904 absoluta
732 2838 867 2904 Caelesti
899 2837 960 2903 fide
989 2840 1131 2903 nostrum
1163 2855 1231 2900 exa.

54 2981 84 3023 2⁶
105 2964 187 3010 men.
213 2944 264 3008 cui
287 2945 380 3009 etiam
402 2945 487 3027 prior
512 2945 639 3009 libellus
671 2945 709 3010 ab
742 2964 778 3010 eo
809 2945 891 3010 intra
921 2945 1059 3009 Africam
1091 2944 1230 3016 <datus>

194 3239 210 3292 8
229 3238 263 3292 ci.
280 3238 349 3292 Dan.
370 3240 412 3303 13,
428 3240 465 3292 45
484 3255 542 3308 sqq.
628 3241 664 3295 'll
682 3238 740 3292 Ioh.
759 3239 773 3293 Ι
791 3241 816 3304 4,
836 3240 848 3292 1
936 3239 968 3292 13
987 3237 1020 3294 cf.
1039 3239 1125 3307 Regu.
1143 3237 1187 3293 III
1205 3241 1230 3304 3,

108 3327 140 3380 16
159 3343 217 3396 sqq.
900 3334 923 3349 ‘'

143 3477 155 3529 1
176 3476 388 3531 ordinationibus
401 3478 658 3546 poetinobseruatis
673 3466 854 3547 (p.1'00,28)
870 3484 935 3547 trop.
948 3479 1017 3534 Bar.
1086 3478 1102 3533 3
1119 3481 1177 3532 tum
1194 3478 1229 3531 V:

104 3564 295 3620 tumentium.
348 3567 506 3634 penitudine
517 3571 545 3621 et
554 3567 720 3621 confessione
735 3568 765 3633 V,
776 3583 843 3622 corr.
853 3568 922 3621 Bur.
936 3566 1026 3623 Oouet.
1062 3570 1078 3621 5
1093 3568 1187 3636 surget
1200 3565 1230 3629 V,

105 3667 173 3707 corr.
191 3653 261 3707 Bar.
332 3654 456 3708 absentes
476 3655 508 3720 V,
521 3671 589 3710 corr.
605 3656 696 3711 Ooust.
749 3657 766 3711 8
785 3658 813 3710 et
826 3680 860 3702 =
873 3656 966 3720 etiam;
979 3654 1160 3725 complendum
1173 3657 1231 3708 erat

105 3740 153 3812 qui
171 3740 222 3795 dcl.
241 3741 328 3798 Gara.
384 3743 416 3798 10
435 3742 469 3798 ad
487 3743 620 3814 supplicia
637 3745 669 3811 V,
687 3744 806 3799 correct:
823 3761 838 3798 a
858 3744 996 3815 suppliciis
1008 3743 1077 3797 Bar.
1132 3744 1167 3796 14
1184 3759 1231 3796 ue·

104 3829 166 3883 ritis
192 3828 224 3894 V,
247 3843 316 3885 corr.
339 3825 366 3881 0²
456 3831 597 3884 Idunum
620 3831 651 3895 V,
676 3832 781 3886 emar·
870 3833 901 3886 16
929 3831 981 3886 tide
1004 3830 1035 3896 V,
1054 3847 1122 3886 corr.
1143 3830 1230 3885 Gom.

109 3917 140 3971 17
162 3917 287 3971 intelexit
308 3917 334 3970 V
387 3919 419 3972 18
442 3914 590 3987 optimeV
645 3920 676 3974 19
698 3920 819 3990 plerique
837 3920 896 3981 edd.
949 3920 984 3974 20
1002 3919 1177 3974 confessionis
1198 3918 1235 3982 V,

106 4019 175 4059 corr.
194 4005 283 4060 Gerra.
336 4007 369 4060 21
389 4007 417 4060 in
435 4006 620 4062 remediabile
638 4008 670 4073 V,
682 4025 780 4063 cerac
834 4009 868 4063 23
885 4010 1052 4063 innotescere
1067 4025 1092 4077 p:
1110 4008 1140 4061 in
1152 4011 1231 4061 nocte

106 4093 174 4148 scire
196 4092 223 4147 V
273 4095 307 4148 25
327 4094 410 4150 africa
432 4095 464 4162 V,
483 4110 582 4165 comp
654 4096 732 4150 datus
752 4097 816 4152 cdd.
838 4096 925 4151 cara.
