2904 4672
629 241 714 313 Epist.
732 242 761 298 11
779 243 926 298 117-121.
1291 248 1336 312 43

212 435 381 500 uanissima
403 454 478 518 pace
510 435 698 520 gloriantur3
733 436 875 518 sequitur
907 437 1006 502 enim:
1041 438 1199 504 confusi
1231 444 1331 515 sunt,

213 541 647 623 quoniamdafecerunt
666 545 704 607 et
721 561 790 607 nec
809 542 867 608 sio
887 543 1333 626 quidemoonfusionem

213 646 466 712 sustinentes
495 648 744 712 erubuerunt
771 652 808 712 et
835 648 1093 733 ignominiam
1122 670 1230 716 suam
1262 670 1332 715 non

212 755 498 836 cognouerunt.
526 757 740 838 propterea
768 753 910 819 cadent
935 755 974 821 in
1002 756 1117 822 ruina
1143 776 1214 820 sua
1235 758 1332 821 etin

173 859 389 939 stempore
429 858 690 923 uisitationis
730 858 1057 926 infirmabuntur.
1143 862 1218 944 quid
1258 863 1332 926 mali
1358 867 1419 931 119

211 963 448 1040 committimua
473 963 548 1046 quid
569 963 665 1046 impie
687 965 830 1054 facimus,
854 965 881 1030 si
911 970 1071 1031 seruantes
1093 967 1186 1031 fidem
1211 967 1333 1033 Christo

210 1067 392 1133 huiusmodi
404 1086 514 1151 pacem
531 1088 725 1151 respuamus,
745 1071 835 1143 cuius
853 1074 940 1136 tanta
956 1073 1097 1136 confusio
1117 1076 1149 1136 ot
1164 1073 1335 1157 ignominia

211 1173 451 1257 grauissimique
474 1175 575 1239 exitus
598 1175 839 1242 describuntur?
864 1177 920 1242 sed
940 1177 994 1242 isti
1013 1177 1130 1262 egregii
1148 1179 1234 1260 pacis
1254 1198 1334 1242 ama-

210 1281 295 1343 tores
318 1279 463 1346 fidelibus
487 1280 701 1346 sacerdotibus
724 1283 841 1347 bollum
869 1282 1033 1368 exagitant.
1062 1284 1138 1366 quid
1160 1284 1242 1348 enim
1264 1284 1336 1349 uult

153 1379 193 1446 xo
211 1384 366 1465 diabolus,
390 1406 485 1469 quam
510 1391 548 1452 ut
573 1387 663 1470 impii
686 1390 719 1453 et
740 1389 1003 1471 praeuaricatores
1032 1390 1148 1455 saeculi
1171 1409 1247 1473 pace
1271 1390 1334 1474 glo-

211 1490 355 1557 rientur?
383 1492 459 1575 quid
487 1492 568 1557 enim
594 1493 666 1558 uuit
692 1493 845 1571 diabolus,
869 1514 963 1577 quam
990 1498 1027 1560 ut
1053 1495 1095 1573 hi,
1120 1496 1173 1577 qui
1195 1496 1240 1577 pii
1262 1499 1336 1561 sunt

213 1600 246 1663 et
274 1597 392 1677 fideles,
424 1598 640 1664 infestantium
671 1601 886 1681 persecutione
917 1604 1090 1666 uersentur?

255 1703 342 1768 Haeo
354 1703 425 1769 ideo
438 1705 597 1787 prosecuti
610 1723 730 1782 sumus,
745 1724 783 1769 ne
796 1723 852 1787 per
864 1706 962 1770 uestri
974 1705 1182 1790 ignorantiam
1196 1705 1250 1770 diu
1267 1707 1334 1770 fun-
1360 1707 1422 1770 120

213 1807 306 1873 datur
320 1808 447 1894 sanguis
458 1807 703 1875 Christianorum
713 1809 887 1892 piissimam
895 1811 988 1875 fidem
1002 1811 1244 1876 defendentium.
1259 1811 1334 1893 quid

159 1934 195 1976 1s
213 1913 300 1984 onim
328 1914 464 1996 prodest,
488 1912 515 1978 si
547 1915 617 1979 sitis
645 1915 816 1980 catholicae
847 1915 918 1980 fidei
950 1915 1089 1981 uindices
1117 1920 1149 1980 et
1174 1916 1335 1998 patiamini

213 2019 386 2084 catholicae
416 2019 489 2085 fidei
520 2022 689 2085 sectatores
720 2021 837 2103 ubique
873 2021 1012 2100 emoiari
1044 2021 1159 2103 ubique
1195 2021 1334 2105 effugari,

212 2143 369 2207 nusquam
402 2125 498 2190 libere
528 2125 611 2208 *piam
643 2126 737 2190 fidem
772 2126 966 2207 praedicari?
1003 2127 1138 2192 habeant
1171 2127 1219 2191 illi
1254 2127 1334 2191 basi·
1359 2121 1418 2184 121

210 2229 289 2294 lices
321 2248 395 2295 auro
428 2234 626 2296 coruscantes
654 2232 923 2314 pretiosorumque
950 2251 1139 2298 marmorum
1167 2229 1333 2296 ambitione

210 2335 344 2401 uestitss
389 2337 441 2401 uel
482 2339 599 2402 erectas
644 2337 874 2421 magnificentia
919 2338 1150 2423 columnamm;
1201 2334 1335 2402 habeant

159 2465 192 2510 so
211 2461 336 2525 quoque
380 2445 536 2526 pomectas
580 2444 612 2508 in
656 2444 786 2528 longum
831 2444 1054 2527 possessiones,
1100 2445 1138 2509 ob
1180 2462 1257 2526 quas
1303 2448 1335 2508 et

209 2547 288 2613 fidas
328 2547 449 2633 integra
487 2549 662 2631 periclitata
703 2553 770 2614 est:
809 2549 884 2632 quid
925 2550 1020 2614 etiarn
1060 2549 1126 2614 suis
1166 2549 1333 2630 impietati-

210 2648 271 2717 bus
311 2653 472 2719 uindicont
511 2673 690 2730 communes
731 2655 878 2719 Romanis
919 2655 1062 2731 omnibus
1103 2653 1257 2729 ciuitates,
1297 2656 1334 2717 ut

211 2759 367 2824 neminem
392 2759 425 2825 in
451 2759 500 2824 his
528 2761 577 2842 pie
604 2760 711 2825 uiuere
737 2760 934 2842 permittant
952 2759 984 2824 in
1012 2759 1126 2842 quihus
1150 2779 1169 2823 a
1190 2758 1332 2842 plurimis

211 2864 307 2929 etiam
337 2883 419 2929 uana
449 2865 630 2947 superstitio
662 2866 728 2930 siue
755 2864 893 2948 periculo
921 2865 1035 2930 colitur
1061 2867 1093 2930 et
1120 2865 1186 2929 sina
1207 2864 1333 2928 illomm

166 2997 195 3039 ss
210 2967 332 3034 inuidia
352 2969 554 3036 uindicatur?
575 2971 672 3036 licoat
693 2970 805 3035 saltem
827 2970 953 3036 ueritati
975 2969 1131 3041 uel'inter
1155 2969 1225 3050 ipsa
1245 2968 1333 3033 uilis-

212 3074 291 3150 sima
313 3077 346 3140 et
368 3074 488 3141 abiecta
509 3077 669 3160 praesepia
692 3076 850 3142 Christum
873 3076 966 3142 damn
987 3075 1038 3158 pie
1066 3073 1165 3139 colere
1197 3092 1233 3138 ao
1260 3073 1332 3138 fide·

210 3180 282 3244 liter
305 3181 440 3256 adorare,
463 3181 518 3245 uhi
541 3184 573 3245 et
595 3182 760 3264 aliquando
787 3185 879 3246 natus
908 3181 1079 3246 secundum
1106 3198 1227 3244 carnem
1249 3178 1331 3244 idem

300 3421 313 3475 1
333 3421 448 3476 Hieram.
467 3423 492 3486 6,
513 3422 546 3476 15

247 3589 315 3643 tue
333 3588 413 3645 Sim.
484 3591 507 3644 si
529 3590 580 3660 Va,
599 3556 622 3645 si
640 3610 656 3642 a
726 3589 917 3645 confessionem
935 3589 985 3643 πΥ
1043 3588 1107 3642 3ct
1123 3585 1331 3656 ignominiam..

212 3679 395 3747 cognorerunt
417 3694 467 3732 om.
488 3677 513 3728 ψ
584 3677 772 3732 cresinae
862 3675 955 3730 christi
973 3676 998 3727 ‹1›
1069 3673 1288 3728 8diserihuntur
1306 3672 1331 3723 Φ

213 3766 376 3820 amatoribus
393 3757 421 3816 ι(1)
457 3766 557 3838 9quid
576 3767 647 3821 enim
661 3811 667 3824 .
683 3807 689 3819 .
705 3765 853 3836 glorientur
870 3780 920 3820 om.
941 3764 967 3817 V
1000 3764 1031 3817 11
1051 3763 1090 3816 hii
1108 3762 1134 3814 Φ
1172 3761 1204 3815 13
1216 3764 1332 3814 uestram

213 3853 292 3909 δίνη.
383 3856 415 3910 15
439 3855 586 3910 catholicae
601 3898 607 3911 .
622 3896 627 3910 .
642 3854 783 3926 patiemini
805 3870 855 3910 om.
875 3871 891 3922 φ
914 3853 1034 3907 inserens
1055 3851 1140 3905 acrba
1159 3854 1186 3904 et
1209 3850 1332 3920 patimini

209 3942 342 3998 'catholice
360 3943 423 3998 fidei
436 3945 526 4013 paulo
543 3945 660 4012 infestus
678 3949 743 3997 ante
759 3957 890 4012 nusquam
970 3939 1094 4010 petimini
1112 3937 1137 3988 Φ
1208 3938 1242 3991 22
1261 3954 1332 3992 oom-

212 4032 300 4085 munis
318 4031 344 4082 ‹1›
380 4033 416 4085 24
433 4048 503 4086 uana
521 4050 548 4085 o:
567 4048 632 4086 uasa
645 4031 677 4098 V,
696 4047 746 4086 om.
761 4029 786 4080 Φ
840 4028 896 4084 sine
915 4028 1031 4100 periculo
1045 4027 1081 4082 V:
1100 4043 1159 4080 cum
1176 4025 1293 4094 periculo
1306 4024 1331 4075 ‹1›

212 4119 247 4172 25
265 4118 354 4172 saltim
373 4118 398 4169 ‹1›
