2904 4672
165 215 207 280 82
312 211 354 267 Da
371 212 414 268 hia
433 229 501 283 quae
517 213 590 267 inter
606 211 771 268 Bonifatium
790 214 819 266 et
836 184 970 267 Eulalium
988 214 1067 282 gesta
1084 216 1147 267 mut

163 407 292 487 ratione,
312 417 401 483 <ne>
420 407 453 471 in
475 405 578 471 medio
601 408 741 489 tempore
765 405 933 490 quicquam
950 410 1201 490 praesumeretur
1217 408 1291 480 <iu>

163 513 197 580 id
215 513 300 598 quod
317 516 423 580 nostra
441 512 594 578 sententia
613 511 808 579 ordinouerat
825 514 878 579 uel
901 513 986 597 quod
1008 513 1161 580 statuisse
1183 513 1295 599 synodi

121 626 140 688 2
164 619 318 686 sententia
339 619 514 685 uidebatur.
569 617 625 684 sed
647 617 697 684 his
721 620 864 685 omnibus
889 619 1046 704 despectis
1063 618 1208 685 Eulaliae
1227 619 1295 686 sola

163 725 365 808 usurpatione
386 743 506 790 moram
528 723 662 791 credidit
684 726 904 809 occupandam.
928 744 1032 810 quem,
1051 726 1136 792 sicut
1153 725 1294 804 decebat,

164 831 481 908 nostraauctoritate
509 832 633 897 constat
664 832 827 915 expulsum
859 850 896 898 ac
928 835 1072 898 sanctum
1099 831 1295 916 Bonifatium
1322 853 1333 894 s

121 937 347 1021 3episcopum
376 937 564 1003 roboratum.
633 939 666 1002 et
698 938 846 1020 quoniam
878 941 1100 1022 consumptum
1132 937 1296 1022 negotium

166 1046 224 1123 est,
251 1044 458 1128 incongruum
484 1047 590 1109 nostra
617 1044 783 1109 clementia
808 1043 972 1122 iudicauit,
996 1045 1024 1110 si
1047 1044 1187 1129 episcopi
1209 1044 1296 1109 nani·

166 1150 300 1237 gationis
318 1150 372 1216 uel
386 1149 509 1216 itineris
525 1148 671 1215 iniuriam
689 1153 876 1234 paterentur.
890 1151 973 1216 unde
988 1151 1068 1217 sciat
1081 1151 1296 1235 spectabilitas

165 1260 222 1322 tua
247 1257 400 1342 synodum
427 1256 529 1322 luisse·
554 1258 700 1323 solutam.
725 1257 854 1327 admone
875 1258 974 1343 igitur
994 1257 1175 1340 praemissis
1199 1257 1296 1323 sacris

166 1362 313 1429 affatibus
340 1362 525 1428 anctoritate
551 1365 607 1428 tua
633 1362 775 1447 singulos
802 1363 990 1443 sacerdotes,
1016 1366 1055 1430 ut
1085 1364 1187 1430 sciant
1216 1365 1297 1428 hanc
1315 1383 1334 1422 o

151 1468 391 1548 ordinationem
422 1468 713 1548 neocaesariam,
742 1488 821 1552 quae
850 1470 997 1548 continet,
1029 1472 1067 1535 ut
1099 1469 1233 1553 quisque
1264 1469 1296 1534 in

168 1576 302 1644 ecclesia
319 1595 377 1642 sua
395 1575 586 1642 orationibus
605 1578 707 1653 uacet,
726 1578 764 1641 ut
781 1577 938 1656 conuenit,
955 1579 1083 1659 propter
1100 1575 1183 1659 quod
1202 1595 1296 1643 causa

168 1680 286 1765 optimo
311 1681 427 1747 iudicio
453 1682 516 1747 iam
542 1681 709 1759 terminata
735 1681 890 1748 uideatur.
956 1683 1039 1748 Data
1065 1683 1125 1748 snb
1153 1681 1203 1747 die
1225 1682 1296 1747 VII.

167 1787 214 1855 Id.
237 1787 335 1871 April.

691 1996 776 2090 (aa.)
1313 2026 1334 2068 l

248 2138 399 2186 mussona
420 2138 514 2185 taum
535 2139 625 2186 Paeo.
648 2140 692 2185 AD
716 2139 870 2186 susumus
891 2139 1063 2186 EPISOOPU!
1086 2139 1222 2186 cunno.

212 2255 328 2308 n'onruo
355 2262 492 2308 rausum
518 2261 707 2308 nouonsnmr
728 2262 860 2308 sounnro
883 2261 1032 2308 nersooro
1056 2262 1184 2307 amous.
1251 2244 1299 2309 De

169 2350 280 2416 merito
304 2348 483 2426 sacerdotis,
508 2368 600 2432 quem
623 2349 691 2414 suis
715 2349 791 2414 deus
814 2349 961 2415 idoneum
983 2349 1138 2432 probauit,
1162 2350 1299 2414 cessauit

170 2458 334 2522 certamen.
367 2457 511 2521 sanctum
540 2454 639 2539 igitur
669 2474 705 2520 ac
737 2456 948 2521 uenerabilem
974 2455 1079 2520 uirum
1104 2454 1297 2520 Bonifatium

170 2561 257 2627 urbis
283 2561 400 2626 Romae
428 2560 609 2643 episcopum
635 2559 773 2625 firmauit
799 2561 964 2635 clementia
989 2560 1180 2645 principalis,
1209 2561 1299 2625 cuius
1312 2571 1335 2610 ²⁰

171 2666 321 2734 electione
339 2666 459 2732 dudum
477 2666 675 2732 sanctitatem
696 2669 785 2732 tuam
807 2667 965 2751 praecepit
987 2667 1090 2739 acciri,
1114 2666 1198 2731 sicut
1221 2667 1301 2731 sacri

128 2772 147 2834 2
170 2774 326 2838 testantur
347 2771 459 2837 affatus
482 2772 532 2838 sui
554 2790 627 2837 cum
648 2772 846 2838 ueneratione
867 2772 991 2856 prolati.
1059 2773 1182 2855 oportet
1202 2771 1302 2854 igitur

171 2878 304 2963 populos
325 2877 537 2961 ecclesiasque
559 2885 632 2944 tuas
654 2878 837 2944 festinanter
857 2879 988 2956 inuisas,
1012 2879 1063 2943 oui
1090 2877 1301 2961 nauigationis
1355 2962 1358 2967 ,

173 2986 223 3050 est
244 2985 390 3068 adempta
411 2984 593 3050 necessitas.
660 3005 700 3048 nr
721 3004 799 3050 rurs
820 3004 921 3050 nun:
944 2985 1137 3050 Incolumem
1159 2985 1191 3048 te
1221 2982 1300 3047 diui-

172 3107 232 3154 nus
263 3089 352 3155 fauor
383 3091 521 3172 praestet
553 3092 639 3156 aunis
672 3091 895 3173 compluribus,
925 3090 1048 3167 domine
1074 3093 1169 3172 pater·
1188 3090 1300 3153 merito
1318 3103 1342 3143 2⁵

165 3194 373 3262 ,honorabilis

212 3382 361 3440 luenda.
380 3385 450 3441 Bor.
464 3385 588 3442 omittens
605 3385 634 3440 in
704 3387 733 3440 iu
747 3386 847 3454 addidi
899 3387 1030 3440 4moram
1048 3385 1084 3439 V:
1097 3385 1209 3438 Romam
1223 3384 1300 3438 dcli-

175 3478 265 3530 tootcr
281 3475 377 3544 Meyer
412 3473 588 3529 9admonere
611 3475 641 3540 V,
661 3490 728 3529 corr.
746 3476 817 3530 Bar.
855 3475 888 3529 12
907 3477 1048 3545 propterea
1067 3471 1093 3546 p²
1128 3473 1161 3526 13
1181 3473 1230 3526 sub
1245 3471 1304 3526 eV

176 3637 177 3640 Ἴ
209 3562 262 3616 tt.
297 3561 364 3617 Dct.
384 3562 431 3619 aad>
451 3563 532 3631 finem
549 3563 767 3632 manuspretiis
783 3565 844 3618 419.
907 3561 1063 3616 Edusae.
1079 3561 1156 3615 odo.
1174 3563 1234 3624 419,
1251 3564 1301 3627 37;

175 3648 285 3704 floenel
304 3648 382 3719 Oorp.
402 3650 464 3721 Lep.
483 3653 549 3706 240.
632 3651 665 3706 18
683 3652 798 3706 cessault
814 3651 987 3721 Petachcaiot
1005 3667 1062 3706 esse
1085 3650 1118 3715 V,
1135 3650 1220 3708 <scias
1238 3649 1299 3703 sub·

175 3737 277 3798 latum>
289 3753 346 3793 essa
359 3740 438 3803 Bar„
456 3756 513 3794 esse
528 3742 662 3795 certamen
674 3741 758 3803 <scias
771 3741 894 3800 finitum>
906 3739 999 3810 Meyer
1052 3740 1082 3792 21
1098 3739 1163 3807 fort.
1178 3737 1301 3792 electioni

176 3826 210 3882 22
233 3825 275 3880 oni
297 3826 334 3880 V:
350 3828 415 3896 fort.
432 3827 475 3882 tui
493 3828 720 3899 (momentum
736 3844 796 3883 ceam
813 3829 998 3898 ueneratione)
1087 3829 1121 3882 24
1138 3827 1255 3883 incolum
1278 3825 1300 3880 V

177 3913 283 3970 diuinus
302 3907 341 3970 0²:
359 3915 474 3971 uidimus
497 3916 529 3983 V,
548 3916 654 3972 domine
671 3917 740 3972 Bor.
768 3981 770 3986 y
