2904 4672
173 217 215 281 14
337 213 484 268 Marcellini
502 216 530 267 et
547 213 669 267 Faustini
687 212 720 267 de
739 211 905 268 consessione
922 229 1002 268 uerae
1019 212 1082 268 fidei
1100 216 1151 269 etc.

172 406 245 490 quia
275 410 307 472 et
335 407 367 472 in
398 407 519 472 haeresi
548 406 745 488 pertenitum
777 406 971 471 subscribere
1005 405 1175 470 daemoniis
1197 407 1290 472 sacri-

171 512 262 578 ficare
293 516 351 591 est,
383 512 537 596 siquidem
579 512 763 577 docentibus
799 513 961 597 scripturis
997 513 1111 578 diuinis
1150 512 1290 578 doctriua

120 616 162 679 30
172 618 406 683 daemoniorum
429 622 478 683 cst
499 618 647 697 haeresis,
671 618 754 683 sicut
784 629 817 683 et
842 618 996 684 idolatria.
1076 618 1195 684 interea
1217 619 1291 702 quia

171 723 253 806 apud
275 723 425 805 quosdam
447 723 617 789 multitudo
648 723 847 805 praeponitur
877 723 1012 801 ueritati,
1044 742 1081 788 eo
1111 724 1194 806 quod
1215 743 1290 806 pau-

172 830 259 895 culos
281 830 395 895 habeat
416 832 598 905 sectatores,
621 833 653 894 et
675 830 713 894 ob
736 830 795 895 hoc
818 829 996 914 affligimur,
1020 829 1103 911 quod
1124 831 1157 894 in
1178 831 1289 912 paucis
1316 851 1329 890 s

172 935 331 1018 sequimur
351 934 565 1000 inuiolabilcm
588 935 682 999 fidem
705 937 737 1000 et
750 936 868 1001 multos
883 936 1021 1000 uitamus
1035 938 1161 1018 propter
1177 935 1290 1018 impias

171 1041 313 1106 haereses
345 1042 378 1106 et
407 1040 574 1124 sacrilegas
604 1041 884 1123 praeuaricatorum
921 1040 1180 1125 subscriptiones:
1217 1040 1291 1124 quid

173 1146 307 1211 censetis
328 1145 361 1211 in
384 1145 442 1210 hac
465 1164 569 1221 causa,
593 1165 611 1212 o
633 1146 801 1212 iustissimi
831 1147 1033 1228 imperatores
1064 1149 1096 1212 et
1117 1146 1291 1211 catholicas

172 1247 246 1315 fidei
267 1250 428 1316 uindices?
460 1251 498 1316 de
524 1251 573 1315 his
605 1251 726 1317 duabus
757 1252 897 1334 partibus
925 1251 976 1316 cui
1002 1251 1158 1317 calculum
1190 1249 1291 1316 datis?

173 1374 235 1420 una
257 1359 408 1439 estpars,
430 1357 462 1421 in
485 1376 547 1439 qua
567 1357 660 1422 multi
682 1360 756 1422 sunt
778 1357 935 1440 episcopi;
954 1356 1010 1422 sed
1032 1356 1087 1422 ubi
1100 1357 1194 1422 multi
1207 1364 1290 1434 sunt,
1307 1377 1331 1418 ro

172 1463 239 1527 illic
256 1481 311 1545 per
327 1463 623 1545 praeuaricationem
642 1481 730 1527 sacra
748 1462 864 1529 christi
878 1463 956 1528 fides
971 1463 1089 1529 uiolata
1103 1465 1153 1528 est
1171 1481 1293 1547 semper

173 1570 245 1633 ante
276 1569 411 1645 defensa,
443 1569 509 1634 illic
540 1571 627 1634 metu
657 1570 741 1654 regis
772 1569 854 1634 Arrii
885 1572 1033 1653 suscepta
1062 1568 1208 1652 impietas
1245 1570 1293 1634 est

173 1692 297 1756 semper
327 1666 399 1739 ante
431 1673 583 1738 damnata.
617 1673 671 1738 ubi
702 1692 776 1738 uero
808 1673 991 1756 paucissimi
1022 1676 1106 1752 sunt,
1140 1672 1208 1739 illic
1239 1693 1293 1758 per

173 1779 272 1858 arilia,
304 1799 359 1863 per
388 1780 556 1857 cruciatus,
586 1799 643 1862 per
663 1780 855 1845 'effusionem
895 1779 1066 1864 sanguinis,
1102 1798 1158 1861 per
1191 1778 1292 1863 ipsam

174 1888 306 1950 mortem
328 1885 405 1951 fides
428 1885 544 1951 christi
561 1886 740 1951 uindicatur
760 1890 793 1951 et
813 1885 895 1951 Arrii
916 1885 1061 1969 impietas
1076 1889 1170 1968 atqua
1193 1886 1293 1951 omnis
1311 1903 1335 1946 a

122 1987 310 2056 3lhaerasis
332 1993 370 2056 ut
391 2010 548 2056 summum
571 1992 689 2056 malum
713 1991 898 2057 execrabiles
922 1993 1006 2056 sunt.
1072 1990 1128 2056 sed
1151 1991 1211 2056 etsi
1233 2011 1294 2057 noa

175 2098 224 2161 est
254 2095 459 2160 dubitandum
489 2115 607 2180 paucos
639 2097 803 2181 episcopos
836 2114 904 2161 esse
935 2096 1091 2177 pretiosos
1122 2096 1160 2161 de
1183 2096 1294 2161 merito

175 2200 379 2266 confessionis
402 2203 434 2266 ct
455 2201 645 2266 inuiolabilis
664 2201 747 2278 fidei,
769 2201 887 2267 multos
905 2220 980 2267 uero
998 2201 1162 2266 nullificari
1184 2202 1295 2267 merito

63 2383 66 2388 ,
175 2305 338 2371 haereseos
360 2308 414 2371 uel
435 2306 720 2388 praeuaricationis,
744 2307 817 2390 quia
837 2307 868 2370 in
893 2317 988 2372 causa
1009 2307 1086 2383 riori,
1110 2307 1242 2372 maxima
1263 2307 1294 2372 in

175 2430 271 2477 causa
290 2412 450 2497 religionis
472 2416 505 2478 et
526 2431 631 2478 sacrae
653 2412 735 2488 fidei,
758 2432 820 2478 non
842 2432 990 2478 numerus
1021 2431 1150 2477 numero
1173 2431 1295 2495 compa·
1312 2431 1339 2472 aa

174 2516 289 2582 raudus
312 2520 362 2582 est
383 2517 439 2582 sed
460 2537 538 2600 pura
558 2518 614 2581 illa
636 2517 808 2600 apostolica
839 2517 916 2582 fides
944 2517 1073 2601 probata
1094 2517 1205 2597 exiliis,
1227 2538 1297 2602 pro·

175 2621 249 2687 bata
270 2621 461 2687 cmciatibus
483 2623 559 2688 licet
579 2622 684 2699 unius,
707 2623 879 2688 multorum
905 2623 1144 2689 infidelitatibus
1170 2643 1298 2707 praepo·

175 2726 276 2791 nenda
298 2730 362 2791 est:
392 2731 495 2792 tamen
525 2727 736 2793 necessarium
759 2730 809 2792 est
839 2727 1001 2793 damnatae
1023 2729 1297 2813 praeuaricationis

175 2831 317 2897 diuinum
339 2851 462 2915 quoque
485 2851 630 2916 praescus
662 2832 798 2916 proferre
827 2832 1060 2912 documentum,
1093 2839 1129 2899 ut
1160 2836 1245 2901 sicut
1264 2836 1296 2900 in

175 2938 264 3003 Arrio
286 2937 382 3020 impia
405 2941 491 3003 secta
512 2938 580 3003 eius
612 2938 720 3003 diuina
750 2937 1016 3004 animaduersione
1047 2941 1156 3022 punita
1176 2941 1296 3025 praciu-
1314 2955 1339 2997 τε

176 3045 260 3110 dicat
281 3046 314 3109 et
336 3043 373 3109 de
396 3044 602 3109 sectatoribus
626 3043 703 3123 eius,
719 3043 802 3126 quod
826 3043 934 3109 eadem
947 3044 1020 3109 illos
1041 3065 1141 3127 poena
1162 3053 1297 3120 mancat,

175 3168 237 3234 qua
258 3152 422 3232 torquetur
453 3154 485 3214 et
513 3150 638 3226 Arrius,
666 3149 713 3214 ita
742 3152 775 3214 et
796 3149 835 3214 de
864 3150 1164 3234 praeuaricatoribus
1193 3172 1297 3218 sacrae

175 3255 249 3322 fidei
271 3254 350 3320 nihil
371 3255 457 3320 aliud
479 3256 675 3347 sentiendum
698 3255 749 3333 sit,
765 3273 858 3338 quam
872 3255 954 3337 quod
967 3255 1000 3320 in
1023 3276 1084 3321 uno
1103 3259 1158 3322 uel
1174 3257 1298 3325 duobus

176 3360 473 3444 praeuaricatoribus
510 3361 618 3445 poeuis
662 3361 879 3445 praesentibus
914 3361 1021 3426 diuino
1051 3362 1168 3428 iudicio
1200 3363 1299 3429 deter-

125 3467 167 3532 32
176 3465 328 3531 minatum
359 3469 417 3533 est.
496 3466 659 3532 Potamius
700 3465 912 3550 Odyssiponae
953 3466 1092 3532 ciuitatis
1133 3469 1298 3553 episcopus
1315 3485 1340 3528 aa

176 3571 311 3654 primum
334 3571 462 3656 quidem
484 3571 577 3637 fidem
601 3572 787 3638 catholicam
801 3572 975 3652 umdicaus,
989 3575 1098 3656 postea
1116 3593 1190 3640 uero
1211 3593 1298 3656 prac-

177 3677 240 3743 mio
262 3677 351 3743 fundi
371 3677 500 3756 fiscalis,
523 3697 616 3762 quem
637 3678 751 3743 habere
774 3678 1006 3760 concupiuorat,
1030 3679 1123 3746 fidem
1145 3680 1298 3763 praeuari-

265 3867 281 3921 2
299 3867 332 3922 cf.
351 3867 468 3923 rimata.
486 3867 543 3933 14,
564 3869 577 3923 1

212 3990 229 4044 2
248 3992 291 4045 eat
308 3988 335 4061 p²
351 3989 447 4048 Siron:
465 3995 492 4045 ct
508 3991 533 4045 V
583 3992 599 4045 3
619 3989 772 4070 idololatria
784 3991 864 4047 Sirra.
913 3992 930 4047 6
947 3993 1064 4047 uitcmus
1083 3992 1115 4058 V,
1134 4008 1202 4047 corr.
1217 3990 1297 4061 Sa'rm,

177 4079 212 4135 30
229 4083 353 4151 potamus
376 4079 401 4133 V
468 4078 626 4152 odyssipque
649 4078 687 4133 V.-
705 4077 868 4151 OIysippone
887 4077 915 4150 p²
930 4081 961 4134 ἐκ
978 4097 1062 4150 arorq.
1103 4161 1105 4163 ‚
