2904 4672
470 224 557 295 spus
576 223 643 278 uin
664 226 695 304 12
711 256 743 265 -
756 225 819 280 xiv
837 229 861 282 5.
1183 235 1231 297 —59

100 438 141 483 DE
164 438 214 485 1118
238 438 870 496 quauInunuuuulnau1uuuruuunu1uu
889 442 989 488 GESTA
1008 443 1085 490 SUNT
1106 442 1231 500 QUANDO

100 544 232 601 numquid
255 544 330 590 POST
349 538 469 592 nonnul
487 546 591 592 PAPAE
612 546 712 593 zoam
734 545 949 594 urlscornruu
971 546 1118 595 ROMANAE
1142 548 1231 594 URBIS

352 630 584 698 counudnloms
606 653 722 697 AEBITU
745 653 985 713 Puuuasuuunu„

68 966 259 1013 auxumun
281 967 464 1012 RELATIONIS
488 967 645 1014 subrutum
666 951 777 1017 Padum
801 970 869 1015 URB.
892 971 939 1014 Ab·
960 970 1116 1016 uonomun
1142 972 1229 1016 Pulu-

401 1072 493 1118 GIPEI
514 1073 684 1119 RAUENNAE
709 1074 929 1122 consumuntur.

147 1178 369 1265 Quaecumque
387 1177 419 1240 iu
438 1176 513 1241 urbe
529 1178 628 1242 Roma
646 1182 806 1263 geruntur,
821 1198 871 1245 me
885 1183 989 1246 tacere
1006 1200 1067 1245 non
1087 1183 1233 1247 conuenit

101 1304 157 1368 pro
181 1285 286 1350 debito
310 1284 474 1360 famulatu,
499 1302 592 1365 quem
618 1284 777 1349 maiestati
800 1287 924 1352 uestras
948 1305 1070 1369 semper
1093 1287 1232 1353 exhibeo.

102 1411 175 1457 cum
194 1391 248 1468 diu
272 1391 437 1473 episcopus
457 1390 602 1454 Zosimus
626 1391 714 1473 grani
736 1391 934 1471 incommodo
957 1392 1112 1458 laboraret
1134 1413 1233 1476 usque
1258 1403 1276 1464 2

24 1541 27 1545 -
57 1519 85 1559 ιο
104 1499 191 1576 adeo,
210 1499 248 1562 ut
264 1498 443 1579 frequenter
459 1499 602 1561 mortuus
624 1496 803 1575 iactaretun
828 1496 951 1575 accidit·
971 1499 1007 1562 ut
1025 1498 1162 1566 secundo
1184 1499 1233 1563 die

101 1608 175 1686 post
195 1602 373 1687 ingressum
396 1621 501 1667 meum
524 1602 591 1665 uita
614 1601 786 1666 decederet.
836 1603 953 1680 statim,
977 1606 1014 1667 ut
1036 1609 1232 1683 conuenerat,
1257 1619 1277 1680 3

102 1710 255 1793 populum
289 1708 473 1791 alloquendo
507 1707 695 1785 commonui,
727 1711 764 1772 nt
801 1726 871 1773 cum
908 1709 1013 1791 quiete
1050 1709 1233 1775 clericorum

102 1818 237 1881 tractatu
270 1815 375 1879 omnia
400 1813 564 1878 finirentur
589 1831 646 1877 noe
674 1832 707 1877 se
734 1813 828 1878 robus
857 1813 1058 1896 disponendis
1072 1842 1073 1845 ¹
1087 1814 1233 1881 misceret
1318 1873 1322 1880 .

102 1920 240 1986 turbatio
254 1920 424 2003 popularis,
440 1919 593 2003 siquidem
613 1921 734 1983 centnm
757 1922 841 1984 asset
862 1919 894 1984 in
917 1919 1062 2005 eligendo
1086 1921 1231 2005 episcopo

52 2049 81 2088 aa
102 2027 153 2092 dei
185 2026 404 2109 omnipotentis
437 2025 661 2108 expectandum
693 2044 763 2091 esse
794 2024 957 2104 iudicium,
990 2017 1107 2090 domini
1134 2027 1232 2110 impe-

104 2137 221 2199 ratores
243 2133 361 2198 Honori
384 2135 417 2197 et
438 2131 593 2196 Theodosi
614 2132 659 2215 pii
680 2132 788 2196 felices
811 2131 924 2216 inclyti
945 2132 1081 2198 uictores
1110 2152 1232 2216 semper

79 2238 81 2240 ’
103 2239 250 2324 Augusti.
267 2237 414 2303 admonui
428 2237 522 2303 otiam
537 2240 726 2320 corporatos
746 2237 849 2303 officio
870 2257 993 2322 quoqne
1011 2238 1230 2312 interminatus

104 2365 176 2411 sum
207 2363 243 2409 ao
274 2344 407 2409 maiores
432 2342 566 2408 deterrui
588 2343 761 2426 regionum,
793 2363 832 2408 ue
865 2344 935 2426 qnis
969 2345 1104 2427 quietem
1142 2345 1229 2410 urbis

104 2455 228 2525 uestrae
254 2450 434 2533 perturbare
462 2452 637 2532 temptaret.
707 2449 790 2532 quod
818 2449 944 2533 quidem
971 2451 1016 2514 ita
1038 2450 1273 2533 custoditumd

53 2575 84 2615 ao
102 2561 163 2635 est,
182 2559 219 2622 ut
236 2557 304 2621 sine
327 2550 460 2637 strepitu
484 2555 587 2620 omnia
607 2555 779 2620 finirentur.
799 2574 912 2620 uerum
935 2575 1007 2621 cnm
1031 2557 1080 2620 uir
1102 2560 1229 2622 sanctus
1283 2636 1285 2641 λ
1360 2587 1364 2594 ·

103 2663 245 2728 Eulalius
274 2662 313 2727 ad
340 2662 504 2728 eeclesiam
527 2661 765 2727 Laterauensem
793 2661 831 2727 de
863 2663 1006 2746 exequiis
1033 2663 1144 2746 prioris
1167 2664 1230 2746 epi·

104 2769 192 2852 scopi
215 2788 233 2833 a
254 2769 370 2852 populo
394 2772 426 2832 et
449 2787 467 2832 a
490 2766 611 2840 clericis
634 2767 748 2832 fnisset
770 2767 935 2844 adductus,
958 2768 1004 2832 ibi
1026 2788 1081 2851 per
1098 2768 1230 2833 biduum

104 2894 176 2939 cum
199 2875 332 2943 maxima
354 2873 555 2939 multitudine
579 2875 611 2938 et
634 2873 871 2956 cumpluribus
895 2874 1109 2940 sacerdotibus
1131 2893 1228 2939 remo·

102 2982 189 3045 ratus
217 2972 278 3058 est
304 2982 341 3043 ut
367 2981 580 3061 expectaretur
602 2978 669 3043 dies
693 2981 873 3055 consuetus,
897 2998 957 3061 quo
980 2979 1083 3062 possit
1105 2979 1229 3044 sollem-

50 3101 83 3142 aa
101 3086 184 3151 niter
209 3084 352 3150 ordinan'.
420 3103 493 3150 cum
521 3085 597 3149 baec
623 3084 669 3148 ita
697 3086 819 3162 esseut.
839 3084 943 3150 subito
972 3084 1123 3167 aliquanti
1142 3104 1228 3168 pres·
1253 3092 1272 3152 5

78 3192 203 3275 ,bytori
225 3210 297 3256 enm
315 3191 472 3257 Bonifatio
496 3190 634 3255 eiusdem
659 3190 776 3257 ordinis
795 3189 833 3255 ad
857 3189 1035 3264 Theodorae
1064 3191 1228 3256 ecclesiam

98 3297 234 3386 collecto
270 3299 385 3381 populo
422 3298 627 3380 properarunt
660 3296 765 3379 ibique
801 3297 907 3362 habito
943 3298 1080 3364 tractatu
1120 3297 1225 3379 ipsum

139 3487 151 3541 l
167 3487 209 3546 De
226 3486 348 3555 hisquae
361 3492 425 3541 cta:
442 3486 486 3540 bic
496 3487 593 3541 titulus
605 3486 724 3554 pertinet
739 3486 971 3554 adepp.14-37
1023 3495 1181 3542 sonnacium
1199 3481 1226 3540 V

102 3580 127 3629 et
143 3575 182 3628 sic
198 3574 308 3643 caepim
320 3589 372 3642 per
390 3573 508 3648 litteram
526 3591 540 3628 c
700 3563 702 3566 ’

137 3663 184 3718 14.
219 3662 287 3717 Dat.
302 3662 346 3717 die
358 3665 398 3717 29
410 3662 475 3718 Dec.
496 3665 557 3718 418.
610 3663 666 3718 Ed.
684 3662 754 3718 Bar.
774 3662 813 3716 ad
831 3679 857 3715 a.
878 3665 939 3722 418.
962 3665 1007 3729 29,
1026 3662 1102 3738 qre‘cm
1119 3668 1227 3717 secutae

100 3756 165 3805 suot
182 3749 339 3821 Symmachi
355 3749 486 3806 editiones
505 3751 636 3818 (Iuratus,
655 3752 791 3806 Auetuar.
809 3750 909 3821 Symm.
927 3768 955 3804 a.
974 3754 1021 3817 19,·
1039 3750 1184 3820 Scioppius
1202 3757 1226 3805 et

100 3840 208 3894 Parnes
225 3854 283 3907 epp.
302 3839 333 3892 X
352 3841 406 3905 71).
487 3839 635 3893 barnem
657 3839 684 3892 V
742 3838 918 3894 Siamulatui
940 3838 972 3899 V.
991 3854 1059 3894 corr.
1078 3854 1133 3894 ras.
1151 3854 1225 3893 mua.

99 3932 168 3995 post.
188 3946 206 3980 α
268 3928 301 3981 15
319 3926 487 3996 imperatoris
506 3925 610 3981 honorii
628 3933 657 3981 et
674 3926 809 3981 theodosii
831 3926 862 3991 V,
882 3942 948 3983 corr.
966 3927 1036 3982 Bru.
1104 3926 1136 3981 18
1154 3919 1225 3998 regi·

101 4013 213 4080 onisV,
236 4029 304 4069 corr.
326 4013 410 4087 Iurat.
436 4015 480 4082 les.
495 4029 525 4082 p.
547 4017 592 4081 79,
611 4018 655 4082 13)
714 4015 746 4068 19
768 4016 874 4069 uestrae
896 4015 928 4068 io
949 4031 1004 4071 rusn
1028 4014 1065 4068 V.-
1083 4016 1190 4069 nostrae
1210 4034 1228 4068 α

101 4101 136 4155 24
154 4096 246 4171 posset
262 4101 332 4158 Bur.
388 4103 421 4156 27
440 4101 536 4156 habitu
559 4101 590 4168 V,
609 4118 676 4160 corr.
697 4121 711 4154 o
