2904 4672
509 219 595 290 sprec.
612 217 739 273 xxxvu
755 216 1014 273 2-xxxv1ns.
1062 222 1064 226 ¹
1275 223 1316 286 85

194 556 353 604 amulo!
375 558 496 604 SAORAE
519 555 742 605 nonosn'sue.
769 556 879 602 nessa
910 555 1144 602 Ab'l‘slrscn’n!
1176 555 1316 603 omnus

174 663 365 710 ancnbml.
397 663 438 709 bn
469 661 612 709 PBRSONA
645 662 760 708 sanem
799 659 949 707 IOHANNIS
989 660 1132 708 smenon
1164 636 1317 707 CONSTAN-

672 765 845 815 umorem.
1266 765 1268 768 ’

137 863 174 939 ἐ
239 871 390 952 Quamuis
414 879 509 956 super
529 872 665 957 imagine
691 871 837 938 muliebri
867 891 949 938 nouo
986 871 1126 955 exemplo
1162 890 1218 955 per
1248 889 1317 955 pro·

191 978 313 1045 uincias
328 979 511 1044 circumlata
522 981 554 1044 et
567 978 745 1061 diffusaper
757 979 941 1044 uniuersum
956 978 1061 1045 orbem
1075 977 1318 1045 obtrectantium

190 1084 274 1151 lama
294 1084 409 1150 litteris
433 1085 503 1150 aliis
527 1085 779 1163 commonuerim,
802 1087 840 1150 ut
862 1084 935 1149 talis
958 1083 1038 1152 iacti
1062 1083 1253 1171 paenitentia
1286 1086 1319 1155 ct

190 1189 421 1256 intermissione
443 1189 596 1274 propositi
618 1210 724 1255 rumor
751 1191 892 1255 aemulus
928 1190 1130 1255 consenescat
1160 1189 1202 1265 et,
1234 1186 1318 1272 qnod

190 1296 222 1361 in
250 1280 390 1362 moribus
426 1299 601 1379 tcmpomm
639 1299 754 1379 carpat,
790 1296 918 1378 publica
952 1296 1061 1381 lingua
1096 1314 1157 1362 non
1189 1294 1315 1371 habeat3

145 1402 337 1485 m'quamuis
361 1402 455 1468 etiam
479 1420 572 1486 super
599 1401 716 1467 excidio
739 1401 898 1486 pereuntis
929 1400 1047 1486 Illyrici
1077 1400 1130 1486 pio
1148 1399 1237 1484 'apud
1259 1418 1317 1464 nos

190 1507 419 1592 prodiderimus
443 1509 557 1574 affectu
580 1508 650 1573 esse
672 1507 762 1573 nobis
786 1506 895 1586 dolori,
917 1526 972 1573 cur
985 1505 1117 1573 istsnoa
1132 1505 1318 1572 detrimenta

189 1613 237 1684 rei
258 1601 403 1697 publicae
424 1612 588 1680 nolueritis
612 1631 781 1700 agnoscere
803 1615 836 1679 et
849 1613 919 1679 aliis
932 1613 1037 1697 potius
1052 1612 1209 1679 indicibus
1223 1631 1317 1696 quam

189 1719 318 1804 pietatis
359 1723 482 1785 uestrae
515 1718 629 1785 litteris
664 1718 781 1784 fuerint
815 1719 975 1784 nuntiata:
1015 1721 1120 1784 tamen
1155 1717 1194 1784 ne
1237 1713 1361 1783 illud2

190 1824 318 1909 quidem
341 1824 424 1908 apud
455 1826 655 1898 serenitatem
688 1827 825 1890 uestram
857 1824 1055 1892 dissimulare
1086 1844 1142 1891 nos
1178 1824 1226 1891 ias
1257 1825 1316 1904 est,

144 1959 171 2001 n
190 1930 275 2015 quod
296 1930 329 1996 in
351 1931 444 1997 robus
468 1931 584 1997 diuinis
606 1951 667 1998 non
686 1928 753 1997 sine
770 1930 891 2016 publici
905 1929 1093 1997 discriminis
1106 1933 1194 1995 metu
1207 1949 1318 2015 nuper-

189 2036 267 2102 n'me
290 2036 462 2122 contigisse
485 2037 548 2103 cita
574 2055 696 2121 semper
726 2038 879 2104 malornm
916 2036 1102 2103 enuntiatrix
1138 2035 1221 2101 fama
1255 2054 1316 2101 non

188 2143 291 2223 tacuit
313 2144 354 2222 et,
377 2144 416 2207 nt
437 2145 547 2208 natura
566 2142 627 2208 lert
639 2143 814 2223 henricum,
829 2153 908 2226 qnae
922 2142 960 2208 ad
975 2140 1212 2208 obtrectandum
1225 2142 1325 2206 nouis

189 2267 312 2333 semper
334 2248 459 2314 casibus
484 2249 646 2327 excitatur,
671 2248 776 2315 oblata
798 2249 960 2316 occasione
990 2248 1134 2333 carpendi
1164 2247 1316 2313 molitiem

190 2372 280 2420 snam
302 2353 333 2419 in
365 2356 506 2437 tempora
537 2353 643 2420 studio
676 2372 807 2420 scaenae
838 2349 1045 2438 loquacitatis
1070 2357 1200 2420 exercet.
1268 2355 1360 2423 est3

144 2492 171 2533 20
190 2459 272 2525 enim
311 2458 470 2542 proditum
506 2478 606 2543 nuper
640 2459 724 2543 apud
764 2459 1064 2542 Constantinopolim
1105 2459 1316 2525 sacratissimo

187 2564 322 2648 paschae
345 2566 533 2631 uenerabilis
556 2564 617 2645 die,
641 2585 714 2632 cum
737 2584 843 2634 omnes
866 2565 1016 2649 paenein
1047 2565 1179 2631 eundem
1209 2566 1317 2631 locum

188 2670 364 2736 uicinorum
385 2671 511 2736 urbium
533 2672 666 2755 populos
684 2672 795 2757 religio
818 2673 1018 2758 castigatiore
1049 2671 1108 2738 sub
1140 2671 1316 2755 praesentia

187 2775 364 2860 principum
382 2777 446 2842 ritu
468 2776 652 2843 celebranda
674 2779 860 2863 conlegerat,
884 2777 1008 2844 clausas
1022 2777 1127 2844 subito
1146 2776 1315 2844 catholicas

189 2881 347 2960 ecclesias,
370 2883 474 2948 tmsos
496 2882 529 2947 in
553 2882 729 2950 custodiam
752 2883 939 2963 sacerdotes,
963 2884 1084 2950 scilicet
1105 2885 1143 2949 ut
1164 2902 1199 2949 eo
1217 2884 1314 2966 potis-

143 3017 170 3059 ss
188 2987 305 3053 simum
334 2990 484 3071 tempore,
508 3007 569 3071 quo
600 2987 796 3074 indulgentia
827 2989 990 3073 principali
1020 2989 1125 3055 tristia
1154 2989 1314 3054 noxiorum

188 3094 326 3159 claustra
346 3095 531 3173 reserantur,
554 3093 624 3178 piac
646 3094 726 3178 legis
750 3096 783 3160 et
803 3095 890 3180 pacis
903 3095 1062 3161 ministros
1078 3113 1191 3161 saeuus
1212 3111 1315 3160 carcer

187 3199 369 3277 includeret,
394 3198 559 3282 omniaque
585 3199 735 3265 bellicum
764 3198 796 3264 in
832 3198 960 3266 modum
996 3198 1121 3265 turbata
1155 3200 1312 3283 mysteria,

187 3305 354 3370 nonnullos
376 3303 409 3369 in
432 3303 511 3388 ipsis
534 3304 685 3370 ccclesiae
701 3346 702 3350 =
717 3305 862 3373 sacrariis
897 3306 1100 3390 interemptos
1133 3310 1313 3389 tantamque

188 3410 270 3478 circa
292 3411 402 3476 altaria
422 3412 490 3476 uim
504 3411 653 3491 saeuisse,
668 3414 751 3478 utet
770 3411 963 3478 uenerabiles
979 3413 1117 3495 episcopi
1131 3412 1162 3477 in
1186 3413 1313 3477 erilium

222 3575 272 3631 88.
307 3575 376 3632 Dat.
396 3592 422 3630 a.
444 3579 503 3629 404
520 3575 599 3630 baud
614 3576 700 3634 multo
718 3583 785 3647 post
806 3576 876 3632 diem
894 3579 943 3631 20.
960 3577 1047 3631 Iunii.
1106 3575 1180 3631 Edu.
1202 3575 1265 3631 Car.
1284 3576 1313 3629 1²

190 3666 238 3730 72;
259 3662 329 3717 Bar.
353 3664 393 3717 cd
415 3680 441 3717 a.
463 3666 530 3730 404,
556 3667 611 3731 80;
636 3663 811 3719 Collectiones
838 3663 1035 3732 Certationem
1060 3663 1195 3719 Coustcnt
1211 3663 1311 3718 1801.

187 3754 203 3806 5
222 3752 339 3821 imagine
361 3751 497 3822 muliebri]
523 3751 583 3806 scil.
604 3752 760 3819 Moriar,
777 3753 856 3807 cuius
876 3757 998 3806 statuam
1021 3757 1174 3822 mammosa
1197 3755 1312 3806 crtrcrao

188 3854 263 3894 anso
283 3841 343 3893 403
363 3837 603 3908 Constantinopoli
623 3845 736 3893 meacm
758 3844 873 3895 mmor
890 3838 1006 3894 Somet-
1020 3838 1065 3892 Vl
1078 3843 1114 3894 18
1202 3839 1311 3901 linos,

187 3927 261 3996 quod
276 3928 390 3982 coniecit
410 3926 509 3995 Obstat,
527 3933 566 3982 cst
583 3929 615 3982 iss
636 3928 663 3983 V
732 3929 764 3983 13
782 3928 865 3983 rueris
887 3927 920 3994 V,
938 3944 1007 3984 corr.
1026 3929 1052 4000 ρ*
1125 3929 1156 3982 17
1175 3927 1254 3981 nouis
1272 3925 1309 3980 0²:

188 4017 265 4071 nobis
287 4016 312 4069 V
364 4017 397 4070 19
414 4019 493 4081 scene
512 4034 536 4081 a
555 4033 651 4072 saonae
672 4018 735 4072 Gar.
788 4018 823 4072 22
841 4016 988 4071 uicinorum
1007 4016 1120 4084 V,corr.
1136 4015 1162 4080 a*
1214 4016 1248 4069 lt
1261 4015 1310 4069 tri·

189 4103 265 4158 stitia
286 4104 318 4168 V,
337 4120 404 4159 cor-r.
423 4106 450 4157 ο1
503 4104 536 4157 27
555 4104 644 4159 omnia
663 4120 713 4174 que
737 4104 768 4170 V,
787 4120 854 4162 corr.
875 4104 901 4174 ρ*
