2904 4672
481 319 483 322 Α
571 239 859 309 Prolegomana.
1187 240 1279 305 XVII

197 436 345 504 Codicem
364 434 392 498 V
411 452 505 515 quam
524 430 764 514 diligentissime
784 430 903 495 contuli
920 430 1008 496 annis
1029 431 1114 497 1889
1133 434 1165 496 et
1184 433 1279 497 1890.

152 579 186 667 2)
209 600 231 643 α
248 574 441 641 :Uatia
464 574 532 638 lat.
555 571 638 637 4961
664 571 871 636 membran.
896 590 995 639 saec.
1019 571 1064 636 XI
1085 571 1278 637 ineuntis.

197 701 234 765 In
262 697 337 765 lolio
365 694 498 778 praefixo
526 713 637 758 manus
662 693 779 760 saeculi
804 697 845 758 13
867 696 905 762 ut
926 694 1052 759 uidetur
1073 695 1150 760 haec
1172 694 1280 760 inscri-

153 805 233 890 psit:
256 803 350 867 Ia'bcr
373 801 570 883 epatonrnn
591 819 685 880 snper
702 800 910 864 cantanensa'a
928 799 1058 864 damnem
1075 799 1162 886 (siat)
1182 799 1283 864 aneae

153 918 184 978 et
198 910 314 996 felicia
338 891 434 989 Iacet—a
456 905 519 986 <Ina
537 908 623 988 qesta
644 908 717 968 sant
738 903 778 990 (et
796 905 896 985 atiqac
914 904 1035 984 anatole
1050 906 1233 987 pontificum
1255 910 1283 970 ct

154 1018 257 1102 ala'qnc
277 1015 491 1094 inperatonam
516 1010 637 1074 addidit
658 1029 770 1082 manus
793 1012 892 1075 altera
908 1012 978 1092 ipsa
995 1027 1119 1095 quoque
1136 1012 1200 1077 fere
1218 1031 1283 1077 sae·

154 1120 305 1202 1111113).
330 1118 475 1201 sequitur
496 1119 591 1181 uetus
614 1134 762 1181 numerus
781 1117 976 1185 CLXXVIII.
1045 1118 1154 1183 deinde
1172 1138 1282 1183 manus

155 1247 238 1295 saec.
260 1227 299 1290 16
319 1224 459 1291 exeuntis
483 1222 644 1306 adposuit:
669 1225 753 1284 4961
777 1220 845 1287 Uat.
865 1223 987 1305 aliaque
1007 1243 1119 1290 manus
1143 1224 1281 1289 eiusdem

157 1337 220 1400 fere
240 1332 368 1397 aetatis:
387 1328 540 1410 Ennptam
556 1349 592 1392 ea
610 1328 699 1392 la'dnasss
716 1327 895 1393 Cardinala's
910 1327 1026 1394 Sirlett.
1093 1329 1125 1394 in
1144 1328 1283 1394 eiusdem

154 1439 225 1506 folii
251 1437 365 1521 pagina
393 1453 503 1499 auersa
529 1453 641 1498 manus
670 1435 823 1501 recentior
853 1434 1028 1501 adnotauit:
1062 1433 1284 1517 Apoqraptam

157 1545 251 1608 nascas
278 1541 390 1605 caelicis
416 1543 500 1603 catat
525 1540 560 1602 a'a
591 1535 663 1602 Cael.
693 1542 781 1601 4903
807 1536 875 1622 (acc
900 1559 962 1603 nan
989 1541 1054 1605 caat.
1083 1543 1170 1602 3786
1198 1539 1285 1604 addit

159 1668 271 1715 manus
295 1646 380 1731 alia).
787 1670 789 1675 >

205 1769 309 1838 Codex
339 1769 407 1852 ipse
439 1767 560 1832 duabus
593 1767 745 1832 columnis
777 1768 912 1850 scniptus
943 1769 1018 1834 folia
1043 1768 1139 1833 habet
1166 1770 1239 1846 109,
1268 1787 1284 1834 e

159 1877 277 1961 quibus
299 1874 375 1940 lolia
394 1874 522 1938 1--108
546 1873 668 1954 optinet
690 1872 833 1938 collectio
852 1873 1006 1938 Auellana
1026 1893 1154 1956 prorsus
1177 1873 1285 1939 eadem

160 1985 271 2060 farma,
295 1999 356 2063 qua
376 1998 451 2044 eam
478 1979 579 2043 absent
601 1979 771 2043 Uaticanus
795 1979 833 2046 V.
870 1981 1041 2062 praemisso
1069 1980 1151 2045 enim
1178 1979 1286 2045 eodem

162 2107 267 2166 uersu,
295 2104 388 2170 quem
416 2085 510 2150 etiam
532 2084 562 2149 V
584 2084 673 2149 initio
701 2085 835 2162 exhibet,
867 2083 1007 2157 Continet
1031 2085 1080 2148 tta
1101 2085 1287 2150 1οά1111111-

157 2213 234 2276 pens
265 2213 322 2278 qne
352 2191 486 2255 nennio
512 2189 599 2273 infra
625 2189 696 2254 inde
725 2208 743 2252 a
769 2191 823 2258 fol.
853 2192 870 2254 1
900 2190 1007 2255 eadem
1035 2191 1147 2273 incipit
1170 2191 1288 2254 Tabala

161 2291 370 2381 epistolarem,
394 2315 487 2378 quam
510 2314 605 2376 supra
627 2313 663 2358 ex
685 2293 830 2359 Vtotam
850 2295 1010 2379 descrIpsi.
1034 2315 1125 2378 quam
1146 2296 1287 2378 singulae

162 2405 339 2488 sequuntur
366 2401 530 2484 epistulae,
554 2419 685 2483 quanam
711 2399 834 2480 ultima,
856 2399 1023 2484 Epiphanii
1045 2401 1083 2466 ad
1106 2401 1288 2480 Diodorum,

162 2511 196 2574 in
218 2508 287 2574 folii
312 2509 387 2573 108¹
410 2507 555 2572 columna
577 2507 675 2571 altera
697 2506 806 2572 eodem
828 2507 921 2571 modo
949 2510 1042 2589 atque
1069 2506 1101 2570 in
1123 2507 1152 2570 V
1175 2506 1290 2572 desinit

163 2615 269 2682 uerbis
296 2613 521 2697 quinquaqinta
548 2611 665 2675 aeonas
689 2611 784 2694 idque
810 2612 864 2689 ita,
892 2615 929 2676 ut
956 2612 1096 2677 eiusdem
1128 2613 1289 2677 columnae

165 2722 229 2785 fere
253 2717 383 2783 dimidia
403 2736 475 2806 pars
497 2735 599 2781 uacua
620 2716 731 2782 relicta
753 2717 805 2783 sit.
871 2718 903 2782 in
925 2717 1000 2783 lolio
1026 2718 1290 2782 1091111111ὶί-

165 2845 229 2909 qna
255 2825 293 2888 ab
322 2823 378 2907 eis,
402 2841 481 2906 quae
507 2822 582 2888 folia
613 2824 741 2888 1-108
769 2827 939 2902 exararunt,
967 2825 1058 2907 plane
1089 2824 1212 2888 diuersa
1234 2823 1290 2888 sed

166 2931 213 2996 eis
244 2930 307 2994 fere
341 2946 457 2993 coaeua
483 2927 604 2993 addidit
624 2928 833 3013 fragmentum
860 2930 986 3013 aliquod
1018 2931 1075 3014 (=
1088 2930 1126 3016 F)
1158 2930 1197 2994 ad
1227 2928 1291 3012 epi·

168 3035 268 3102 stulas
294 3037 355 3100 103
380 3036 412 3098 et
436 3033 498 3099 104
522 3033 715 3100 collectionis
733 3038 856 3098 nostrae
878 3036 1046 3118 pertinens,
1066 3035 1103 3099 d'e
1126 3054 1187 3117 quo
1210 3034 1292 3098 infra

167 3162 198 3224 p.
212 3140 330 3205 XXXX
344 3159 411 3222 sqq.
431 3139 614 3220 explicatius
638 3138 750 3203 dicam.
816 3141 848 3204 in
873 3140 1013 3205 eiusdem
1035 3141 1105 3206 lolii
1128 3143 1190 3207 109
1212 3160 1291 3205 mar·

168 3248 240 3331 gine
262 3246 406 3310 interiore
428 3264 539 3318 manus
563 3245 681 3310 saeculi
698 3245 773 3310 XIV
794 3246 967 3329 inscripsit:
990 3246 1054 3310 Istc
1075 3245 1149 3311 liber
1171 3250 1215 3311 est
1230 3253 1302 3310 mo?

167 3353 299 3416 nastcma'
323 3354 426 3415 sancta
456 3349 565 3414 Crucis
583 3350 685 3434 fantis
706 3350 858 3416 Ancllane
879 3337 1046 3435 Eeaqtnba'n
1066 3352 1153 3431 aliea,
1178 3353 1291 3435 quibus

169 3459 233 3524 alia
254 3456 388 3522 addidit:
419 3454 500 3519 hana
526 3454 638 3519 tibrum
659 3457 831 3541 adqnc'sa'na't
852 3457 981 3521 daannns
1002 3455 1181 3522 Damianos
1204 3456 1237 3523 S.
1262 3458 1293 3541 †.

213 3580 275 3645 Hic
298 3598 421 3662 quaque
445 3578 540 3644 codex
562 3579 607 3644 ita
629 3579 766 3662 scriptus
790 3584 848 3660 est,
868 3584 904 3646 ut
922 3581 1108 3664 archetypus
1127 3581 1194 3646 eius
1213 3581 1294 3646 inter

170 3688 276 3769 plures
298 3685 439 3750 homines
463 3683 683 3750 describendus
708 3686 914 3752 diuideretur:

211 3790 250 3877 1)
273 3791 417 3856 librarius
447 3790 568 3873 primus
600 3794 669 3856 octo
703 3793 840 3856 exa1auit
871 3793 1097 3876 quatemiones‚
1131 3812 1147 3858 e
1180 3793 1293 3876 quibus

173 3916 245 3961 cum
269 3898 414 3960 octauum
436 3899 538 3960 totum
561 3915 621 3961 non
643 3901 753 3980 posset
775 3898 906 3981 explere,
929 3899 1076 3963 ultimum
1100 3900 1166 3964 elus
1184 3899 1293 3964 folium

174 4001 313 4066 exsecuit
334 4001 464 4084 foliique
486 3981 670 4083 paenultin'ni
693 4002 761 4089 (63)
786 4005 948 4070 columnae
972 4005 1101 4070 ultimae
1124 4003 1295 4071 111111111-

174 4106 257 4172 diam
278 4108 398 4188 pantem
421 4125 552 4170 uacuam
574 4109 709 4191 reliquit.
735 4109 829 4176 desiit
850 4112 956 4176 autem
978 4111 1010 4174 in
1034 4111 1139 4175 uerbis
1164 4111 1295 4184 473„-

225 4243 308 4284 xxxv
321 4255 372 4294 pan
386 4245 406 4285 1.
1191 4230 1208 4282 b
