2904 4672
39 250 100 313 292
308 243 405 314 Uigilii
423 245 600 300 consdtntnm
620 245 652 300 de
671 244 756 298 tribus
775 246 900 316 capitulis

35 442 152 525 legitur
178 439 366 523 Dionysium
401 439 603 503 Alexandriae
640 440 832 521 episcopum,
868 440 921 522 qui
960 441 1056 525 longe
1096 443 1167 506 ante

35 547 146 624 fuerat,
180 546 217 610 dc
245 543 366 629 Nepote
395 546 528 627 quodam
558 545 704 627 episcopo
731 545 867 628 Aegypti
892 546 939 610 ita
964 547 1089 613 fecisse.
1117 547 1167 611 bic

36 653 119 717 enim
150 652 256 733 Nepos
290 651 457 733 episcopus
486 650 523 715 de
550 651 637 714 mille
665 651 762 729 annis,
792 651 906 733 quibus
933 655 1007 735 post
1033 652 1165 735 primam

34 758 294 823 resurrectionem
327 759 451 820 sanctos
485 775 557 821 oum
591 755 713 822 Christo
745 759 929 842 regnaturos
957 776 1028 822 esse
1055 759 1165 823 beatus

34 865 186 930 Iohannes
211 863 372 945 apostolus
394 862 426 926 in
451 863 628 945 apocalypsi
651 862 738 941 dicit,
762 863 926 947 scripsisse
949 863 1110 946 asseritur,
1133 865 1164 929 in
1191 886 1202 927 c

35 970 149 1053 quibus
180 964 344 1034 Iudaicum
375 968 573 1032 intellectum
605 968 753 1033 babuisse
785 973 935 1033 narratur.
967 972 1043 1051 post
1074 952 1164 1034 cuins

33 1079 166 1141 mortem
184 1093 256 1139 cnm
276 1074 314 1139 ad
332 1074 518 1157 Dionysium
537 1074 719 1157 episcopum
736 1074 938 1139 Alexandriae
956 1075 1162 1157 peruenisset

34 1182 117 1265 quod
139 1184 207 1246 tcta
229 1181 392 1265 Aegyptus
411 1179 497 1262 ipsos
515 1179 626 1258 libros,
644 1199 722 1263 qnos
739 1180 847 1263 Nepos
865 1181 1042 1262 reliquerat,
1062 1181 1164 1246 ueluti

34 1306 182 1372 magnum
215 1286 341 1369 aliquod
368 1290 400 1351 et
428 1286 587 1350 occultum
614 1288 798 1369 mysterium
826 1305 859 1350 se
887 1285 1000 1351 habere
1027 1289 1163 1369 putaret,

33 1397 65 1458 et
93 1410 226 1475 pergens
259 1392 297 1455 ad
330 1411 402 1456 eum
433 1393 539 1457 locum
571 1391 615 1477 (in
646 1391 810 1464 Arsenoite
839 1391 920 1456 enim
947 1392 1163 1474 quaestionem
1179 1419 1201 1458 ro

31 1499 133 1583 ipsam
156 1500 274 1562 motam
296 1498 395 1562 luisse
417 1497 524 1580 refert)
543 1501 575 1562 et
593 1497 731 1563 scribens
750 1497 902 1563 destruxit
919 1497 1047 1562 eosdem
1063 1499 1161 1564 libros

31 1608 124 1688 atque
152 1603 281 1668 euertit:
309 1603 465 1686 Nepotem
494 1623 580 1681 uero,
605 1590 659 1686 qui
682 1621 735 1669 eos
758 1603 935 1686 scripserat,
952 1607 1080 1685 propter
1101 1605 1162 1670 hoo

30 1711 171 1789 maxime,
195 1710 270 1793 quia
286 1709 350 1775 iam
369 1704 535 1774 defunctus
554 1710 664 1786 iuerat,
683 1710 771 1774 nulla
788 1710 832 1774 sit
850 1710 1017 1794 adgressus
1036 1710 1160 1776 iniuria·

29 1835 108 1900 quae
141 1816 169 1880 si
201 1816 272 1898 quis
303 1816 400 1880 latius
433 1833 602 1899 agnoscere
633 1816 730 1893 uolet,
761 1814 793 1879 in
825 1818 995 1880 memorato
1023 1817 1160 1899 septimo

28 1922 177 2013 historiae
200 1910 492 1987 eiusdemNusebii
514 1921 592 1986 libro
615 1921 757 2003 reperiet.
1177 1946 1201 1987 rs

0 2073 1 2078 .
74 2026 196 2106 Quibus
233 2026 377 2092 omnibus
415 2027 581 2111 diligenter
616 2028 777 2110 inspectis,
814 2027 887 2109 quis
922 2027 998 2092 licet
1033 2027 1159 2095 diuerso

30 2134 134 2216 patres
149 2132 248 2197 nostri
265 2132 432 2197 uerborum
450 2132 554 2210 modo,
572 2132 666 2197 unius
684 2136 787 2201 tamen
807 2131 904 2197 ductu
921 2133 1157 2219 intellegentiae

31 2238 217 2303 disserentes
243 2238 378 2305 inlaesas
406 2237 603 2303 sacerdotnm
629 2239 661 2302 in
688 2257 763 2321 pace
790 2238 1002 2303 ecclesiastica
1029 2238 1157 2319 defune-

26 2346 130 2408 torum
168 2362 331 2408 seruauere
367 2361 515 2425 personas
555 2343 701 2427 idemque
741 2345 925 2428 regulariter
964 2344 1157 2427 apostolicae

27 2449 120 2527 sodis,
153 2468 231 2532 quae
263 2468 358 2532 supra
388 2449 532 2526 diximus,
565 2448 718 2514 definiunt
748 2450 929 2530 constituto,
955 2449 1035 2514 nulli
1060 2450 1156 2515 licere
1173 2475 1199 2515 sc

25 2556 149 2621 nouiter
180 2555 299 2638 aliquid
323 2555 368 2621 -de
397 2556 592 2621 mortuorum
618 2556 757 2620 iudicare
783 2556 924 2639 personis
952 2554 1067 2620 sedin
1094 2555 1156 2622 boc

25 2660 169 2743 relinqui,
204 2661 236 2724 in
273 2680 334 2743 qno
371 2676 627 2745 unumquemque
663 2662 729 2727 dies
762 2681 927 2745 supremus
957 2660 1089 2740 inuenit,
1124 2666 1157 2728 et

26 2766 208 2848 specialiter·
225 2766 263 2831 de
286 2766 440 2845 ¹Theodori
462 2765 677 2849 Mopsuesteni
695 2767 819 2833 nomine
835 2768 910 2851 quid
929 2767 1029 2832 sancti
1046 2769 1156 2851 patres

24 2872 123 2937 nostri
155 2871 366 2961 disposuerint
396 2873 540 2956 superius
573 2873 733 2939 euidenter
763 2893 941 2958 expressum
978 2876 1043 2940 ost:
1080 2893 1155 2940 curn

25 2979 130 3042 nostra
156 2996 221 3042 non
254 2978 405 3043 audemus
437 2979 640 3044 condemnere
663 2979 818 3046 sententia
849 2979 904 3045 sed
934 2998 991 3044 nec
1022 2982 1062 3046 ab
1089 2981 1154 3047 alio
1172 3002 1197 3044 rs

26 3101 182 3164 quoquam
197 3083 395 3148 condemnari
413 3084 623 3152 concedimus.
642 3077 726 3150 absit
742 3088 858 3163 tamen,
873 3088 910 3150 ut
929 3075 1155 3170 suprascripta

26 3188 165 3269 capitula
192 3188 385 3272 dogmatum,
414 3209 493 3273 quae
525 3191 697 3256 secundum
729 3192 887 3257 subiectos
918 3175 1154 3277 intellegentiae

26 3288 137 3358 sensus
165 3312 183 3357 a
210 3294 299 3359 nobis
328 3299 451 3361 constat
477 3315 546 3361 esse
573 3297 727 3375 damnata,
756 3298 808 3363 uel
830 3316 1045 3380 quaecumque
1068 3298 1155 3366 dicta

26 3397 195 3464 cuiuslibet
239 3400 302 3464 sint
345 3402 469 3467 nomino
512 3407 702 3486 praenotata,
744 3404 934 3487 euangelicis
974 3407 1078 3468 tamen
1119 3406 1154 3468 et

114 3639 127 3694 1
146 3640 245 3696 ldnseb.
262 3641 326 3697 hist.
346 3644 409 3698 eccl.
427 3644 479 3699 VII
497 3645 540 3709 24,
561 3647 573 3700 l
595 3663 653 3726 sqq.
707 3649 723 3701 5
742 3649 824 3715 Apoc.
843 3648 886 3714 20,
904 3650 974 3702 4-7

42 3761 76 3846 'l
96 3761 239 3817 dionisium
257 3754 302 3817 V'
335 3765 504 3837 alexandrinq
521 3767 553 3833 V,
571 3783 639 3824 corr.
655 3769 693 3824 οῖς
712 3768 905 3825 Alexandrinae
916 3771 1069 3842 (ciuitatis)
1079 3773 1150 3832 Bor.

25 3848 200 3920 depiscopns
218 3852 302 3907 Burs
320 3853 407 3921 ep‘rV
458 3855 658 3928 8relinquerat
674 3859 700 3912 V
747 3860 780 3913 13
798 3859 863 3928 iarn]
882 3859 942 3913 lam
955 3861 976 3927 (i
986 3856 1072 3930 leupo
1081 3860 1105 3928 i)
1127 3861 1154 3913 V

26 3935 59 3989 15
81 3938 228 4007 repperiret
254 3940 285 4004 V,
309 3958 377 3997 corr.
400 3941 428 3994 ο2
516 3946 549 3999 19
573 3940 713 4001 sorbebere
739 3946 768 3999 V
867 3947 965 4017 ideque
992 3947 1023 4013 V,
1047 3964 1148 4004 corr-o

25 4023 65 4076 23
73 4025 274 4095 mopbsnosteni
287 4027 314 4082 V
364 4029 435 4100 quod
452 4030 483 4096 V,
497 4047 565 4087 corr.
578 4033 648 4088 Bar.
689 4035 771 4104 25sq.
787 4035 876 4104 aliquo
890 4044 969 4106 qnam
986 4036 1018 4102 V,
1032 4038 1149 4093 conat:

26 4111 78 4166 elio
97 4114 221 4183 quopiam
239 4115 310 4171 Bar.
362 4119 397 4172 29
415 4119 471 4173 sint
491 4120 528 4173 V:
545 4122 602 4175 sine
619 4121 689 4176 Bar.
