2904 4672
631 227 717 296 Epist.
735 227 764 281 11
781 226 894 282 su-sa.
1280 231 1320 296 31

199 420 421 486 Luciferianos.
454 420 524 503 quis
554 420 672 486 nesciat
703 420 789 485 illius
822 424 1060 504 cognomentum
1095 421 1191 485 tribui
1228 424 1324 492 secta·

199 527 331 604 toribus,
355 525 445 590 errius
469 529 500 589 et
522 544 602 590 noua
625 525 729 608 aliqua
751 526 890 591 doctriua
907 527 1091 590 transmissa
1109 530 1159 590 est
1176 527 1215 591 ad
1233 526 1324 592 disci-

199 633 292 715 pulos
320 651 355 696 ex
382 630 566 711 auctoritate
593 631 792 714 magisterii?
819 631 875 696 sed
896 633 984 698 nobis
1009 632 1151 697 Christus
1174 632 1326 717 magister

200 740 260 816 est,
286 737 371 802 illius
400 736 570 802 doctrinam
598 737 758 819 sequimur
784 739 878 819 atque
908 737 977 802 ideo
1011 737 1206 822 cognomenti
1236 737 1323 804 illius

167 862 289 908 asacra
311 842 516 925 appellatione
539 861 709 921 censemur,
733 846 851 907 utnon
874 843 960 907 aliud
982 843 1049 907 iure
1072 843 1134 907 dici
1156 841 1323 909 debeamus

200 967 294 1030 quam
313 946 491 1024 Christiani,
511 947 585 1028 quia
606 966 663 1011 nec
685 947 770 1013 aliud
789 948 949 1030 sequimur
967 967 1060 1030 quam
1079 948 1161 1031 quod
1180 947 1323 1015 Christus

198 1073 255 1135 per
285 1054 444 1135 apostolos
476 1053 593 1119 docuit.
625 1053 767 1118 haereses
800 1055 904 1118 autem
935 1053 1004 1118 ideo
1037 1041 1198 1119 hominum
1220 1054 1324 1136 appel·

198 1158 368 1224 lationibus
396 1158 558 1224 denotatae
585 1161 669 1234 sunt,
693 1157 766 1240 quia
793 1161 825 1222 et
850 1158 1010 1224 hominum
1034 1162 1209 1224 commenta
1229 1158 1323 1224 tradi-

200 1264 320 1329 derunt.
353 1262 455 1345 perdit
486 1262 625 1328 enimin
654 1281 687 1326 se
711 1263 878 1328 Christiani
909 1262 1042 1328 nominis
1074 1262 1322 1345 appellationem,

153 1395 181 1434 10
199 1369 254 1452 qui
270 1369 386 1434 Christi
408 1389 468 1433 non
486 1369 628 1451 sequitur
645 1368 851 1451 disciplinam.
875 1369 980 1433 dicant
997 1387 1088 1447 nunc,
1107 1368 1182 1451 quid
1199 1368 1324 1434 Lucifer
1333 1369 1373 1433 87

198 1493 316 1541 nouum
340 1474 488 1549 docuerit,
513 1474 595 1556 quod
616 1493 677 1538 non
699 1493 735 1538 er
754 1473 870 1538 Christi
892 1474 1072 1558 magisterio
1095 1474 1245 1540 traditum
1263 1477 1322 1556 est,

199 1580 283 1663 quod
304 1599 364 1644 non
387 1580 425 1645 ab
459 1579 608 1662 apostolis
640 1579 802 1661 discipulis
835 1579 1003 1645 saluatoris.
1031 1579 1251 1648 transmissum
1274 1582 1324 1645 est

198 1686 230 1751 in
260 1689 412 1768 posteros.
445 1689 477 1750 et
507 1685 592 1759 bene,
625 1685 707 1767 quod
737 1685 833 1750 libros
865 1685 992 1767 scripsit
1023 1685 1061 1749 ad
1093 1683 1321 1765 Constamium,

199 1812 268 1869 non,
287 1795 324 1856 ut
345 1791 494 1874 plerique,
513 1790 642 1874 gloriam
666 1794 791 1872 captans
810 1790 927 1875 ingenii
946 1791 1000 1867 sed
1019 1790 1126 1857 diuina
1143 1790 1323 1857 testimonia

154 1921 181 1958 15
199 1888 360 1979 aptissime
375 1915 541 1986 congerens
556 1897 662 1960 contra
675 1895 846 1960 haereticos
865 1898 897 1960 et
914 1899 1021 1961 contra
1038 1896 1143 1977 ipsum
1157 1898 1322 1978 patronum

199 2002 434 2078 haereticorum,
458 2001 496 2080 acl
529 1992 667 2065 diuinam
699 2001 936 2066 aemulationem
968 2021 1022 2083 pro
1053 2000 1111 2065 filii
1139 2001 1188 2066 dei
1218 1999 1321 2067 amira
1430 2083 1435 2093 Ι

199 2126 380 2173 succensus.
413 2107 567 2181 denotent,
601 2107 677 2189 quid
711 2107 777 2170 illic
812 2108 999 2172 renhardum
1035 2106 1209 2189 scripturis,
1246 2106 1321 2189 quid

198 2232 314 2278 nouum
344 2211 432 2295 quasi
458 2212 631 2277 haereticus
659 2212 795 2294 scripsit.
862 2232 940 2296 quos
969 2212 1095 2295 quidem
1116 2213 1224 2289 libros,
1248 2219 1321 2277 cum
1331 2214 1371 2278 88

198 2337 253 2400 per
278 2319 382 2384 omnia
408 2337 443 2382 ex
468 2319 589 2400 integro
617 2316 732 2401 ageret,
760 2318 900 2399 suspexit
926 2321 958 2382 et
978 2318 1168 2383 Athanasius
1196 2320 1233 2381 ut
1255 2318 1320 2383 ueri

155 2444 181 2484 1)
200 2423 334 2488 uindicis
362 2426 454 2506 atque
476 2423 508 2487 in
532 2423 687 2488 Graecum
714 2423 823 2488 stilum
849 2423 1019 2498 transtulit,
1043 2426 1081 2487 ne
1104 2426 1226 2487 tautum
1247 2423 1321 2488 boni

200 2527 318 2594 Graeca
348 2528 455 2612 lingua
485 2549 545 2592 non
576 2523 713 2602 haberet.
744 2547 855 2611 parum
883 2532 950 2592 est:
975 2528 1049 2611 quin
1072 2528 1166 2593 etiam
1188 2527 1320 2610 propriis

198 2634 312 2700 litteris
342 2634 427 2699 idem
448 2634 638 2699 Athanasius
671 2634 796 2700 eosdem
826 2634 922 2699 libros
954 2633 1112 2715 praedicat
1133 2626 1172 2706 ut
1190 2633 1320 2716 prophe·

198 2743 301 2804 tarum
333 2742 365 2805 et
395 2739 628 2822 euangeliorum
659 2745 751 2822 atque
782 2740 992 2823 apostolorum
1028 2738 1175 2805 doctrinis
1207 2740 1239 2803 ot
1268 2737 1324 2821 pia‘

199 2844 389 2914 consessione
421 2848 589 2910 contextos.
618 2847 650 2909 et
675 2846 819 2928 quamuis
850 2845 994 2927 plurimis
1021 2844 1053 2909 in
1076 2864 1145 2915 eum
1172 2842 1319 2909 laudibus

152 2949 345 3035 mulgetur,
376 2952 480 3015 tamen
510 2970 570 3015 non
602 2954 716 3032 aequat
746 2950 784 3014 ad
814 2950 918 3021 meriti
950 2951 1018 3015 eius
1049 2949 1257 3032 praeconium,
1288 2951 1320 3014 et

198 3056 324 3138 quidem
360 3075 431 3121 cum
462 3056 601 3137 ‚amplius
632 3055 758 3121 laudare
789 3075 849 3122 non
879 3060 1005 3139 posset:
1041 3056 1087 3120 ita
1116 3074 1219 3120 rerum
1251 3054 1326 3122 elus

198 3159 458 3241 supereminentia
475 3161 611 3244 quaeuis
622 3159 752 3226 laudans
774 3161 882 3246 lingua
900 3163 1076 3243 superatur.
1122 3160 1176 3225 sed
1195 3161 1370 3229 Lucifer89

268 3414 303 3469 22
312 3415 453 3472 Athanasii
463 3415 619 3473 adhucifer.
630 3417 707 3487 epist,
718 3416 776 3499 (VI,
785 3415 901 3471 Luciferi
914 3433 974 3487 opp.
986 3416 1027 3473 ed.
1038 3413 1132 3471 Hartel
1144 3434 1171 3487 p.
1183 3419 1244 3484 325,
1254 3417 1318 3490 811.)

234 3551 437 3614 ltrtbniueu
498 3555 710 3611 211111111Φ
772 3556 967 3627 5apellaticne
989 3556 1016 3611 V
1084 3558 1137 3611 dici
1155 3557 1253 3626 (dicere
1275 3558 1316 3626 Y)

196 3645 260 3701 iura
272 3640 337 3714 trop.
355 3642 381 3694 Φ
434 3645 534 3714 tquia
549 3643 588 3698 Φ·
607 3645 654 3715 qui
675 3644 702 3699 V
753 3644 787 3699 10
805 3644 870 3715 quid
892 3646 928 3700 V:
946 3646 993 3715 qui
1010 3643 1036 3695 Φ
1054 3646 1134 3715 (quae
1152 3651 1179 3713 a)
1249 3645 1317 3701 luci·

196 3726 328 3788 renue
382 3732 413 3787 11
432 3730 617 3802 magisterium
638 3733 682 3788 ra
736 3736 769 3789 15
786 3733 984 3804 patronumV
1000 3733 1150 3799 11111111Φ
1206 3735 1239 3789 18
1257 3751 1316 3790 cum

197 3836 249 3876 cut.
272 3820 299 3875 V
345 3821 377 3876 12
395 3821 447 3875 uiri
464 3820 490 3872 Φ
533 3820 1068 3889 20111111111111111111Χ,1111(111
1089 3822 1118 3877 Y
1168 3823 1200 3878 21
1221 3839 1317 3893 graeca

197 3905 292 3962 1111Φ
381 3907 475 3978 quiV
560 3908 594 3962 23
612 3906 837 3977 euangelistamm
855 3896 935 3964 Simu
1050 3908 1188 3979 doctrinis]
1210 3910 1317 3977 reliquo

197 4011 282 4052 ome
344 3998 378 4052 24
396 3997 516 4067 plurimis
533 3997 636 4051 meritis
654 3996 711 4051 eius
730 3992 756 4047 Φ
774 3997 879 4052 onmes
895 3998 1061 4053 intermediis
1113 3999 1147 4053 26
1165 4002 1258 4069 posset
1279 3999 1316 4053 11.·

198 4083 284 4154 potat
302 4087 330 4140 et
346 4083 372 4135 Φ
444 4085 501 4140 eiua
519 4100 569 4139 om.
588 4084 614 4138 V
660 4086 693 4139 27
711 4086 961 4155 supereminentiam
978 4087 1019 4140 Υκ
