2904 4672
172 221 215 286 30
324 215 472 271 Marcellini
490 219 519 270 et
534 169 660 270 Faustini
677 214 710 269 cle
729 214 894 268 confessione
912 230 991 269 uerae
1009 213 1073 269 ndei
1091 215 1143 271 etc.

121 409 162 473 83
173 411 275 477 scelus
294 431 312 476 a
331 430 364 476 se
382 411 481 475 facere
499 409 702 475 contendebat
719 409 864 474 alienum.
927 410 1069 476 aduertat
1084 412 1296 495 tranquillitas

171 521 296 582 uestra:
316 517 343 581 si
357 516 433 581 haec
450 515 517 580 fieri
535 515 632 580 uultis
650 516 682 579 iu
700 516 837 581 Romano
855 516 985 599 imperio
1004 516 1155 583 aduersus
1172 522 1296 586 sanctos

172 626 205 688 et
225 622 332 688 fideles
360 622 397 686 ab
426 621 475 686 his
499 622 553 704 qui
583 621 842 704 praeuaricatores
875 625 957 700 sunt,
980 641 1080 688 nonne
1107 626 1212 690 metus
1236 627 1296 704 est,

172 750 210 796 ne
238 728 364 814 sanguis
391 728 530 793 fidelium
555 728 729 797 Romanum
756 731 865 811 gruum
891 728 1082 811 imperium?
1114 748 1186 795 nam
1212 730 1296 797 idem

171 838 327 902 Damasus
362 836 491 915 accepta
525 833 708 899 auctoritate
745 834 841 918 regali
877 834 971 900 etiarn
1006 834 1086 900 alios
1122 829 1294 902 catholicos
1326 856 1339 896 s

172 943 368 1026 presbyteros
390 958 527 1008 necnon
551 943 584 1005 et
603 939 698 1006 laicos
725 940 884 1005 insecutus
911 940 1000 1005 misit
1027 941 1059 1005 in
1081 939 1208 1007 exilium
1229 961 1297 1025 per·

174 1065 263 1114 orans
285 1047 344 1112 hcc
366 1046 471 1129 ipsum
493 1065 548 1128 per
570 1045 701 1130 gentiles
725 1045 905 1112 scolasticos
928 1046 1106 1111 fauentibus
1131 1046 1193 1112 sibi
1214 1047 1298 1114 iudi-

174 1155 273 1230 cibus,
297 1171 369 1218 cum
395 1151 505 1235 utique
531 1152 654 1216 uestrae
681 1150 917 1217 constitutiones
944 1151 1094 1217 aduersus
1122 1153 1297 1220 haereticos

173 1258 313 1324 decretae
337 1257 409 1333 sint,
433 1276 492 1323 non
515 1257 666 1321 aduersus
689 1256 867 1332 catholicos,
887 1261 919 1321 et
940 1257 1019 1323 tales
1043 1257 1222 1337 catholicos,
1240 1261 1297 1342 qui

173 1364 266 1430 fidem
296 1364 450 1447 integram
480 1381 537 1428 nec
569 1362 626 1426 sub
649 1362 812 1426 haereticis
834 1362 1071 1445 imperatoribus
1093 1363 1296 1446 reliquerunt,
1316 1386 1342 1425 ro

122 1475 164 1539 84
174 1474 206 1536 et
237 1469 363 1552 quidem
394 1468 502 1553 grama
531 1469 632 1533 multa
651 1468 801 1550 perpessi.
877 1468 932 1533 sed
953 1471 985 1534 et
1006 1487 1104 1551 nuper
1128 1470 1298 1552 temptauit

174 1577 310 1662 grauiter
340 1575 485 1659 persequi
515 1574 732 1640 beatissimum
757 1574 926 1655 Ephesium
959 1575 1138 1658 episcopum
1170 1579 1298 1641 sanctae

173 1684 245 1750 fidei
286 1681 491 1748 aemulatione
531 1682 716 1758 sementem,
757 1681 930 1746 ordinatum
970 1681 1169 1746 intaminatae
1208 1682 1297 1764 plebi

173 1791 329 1857 Romanae
352 1809 370 1853 a
397 1787 647 1853 constantissimo
674 1785 817 1868 episcopo
841 1787 971 1871 Taorgio
996 1790 1028 1852 et
1053 1788 1121 1871 ipso
1147 1787 1298 1853 inlibatae

173 1895 245 1961 fidei
263 1894 341 1969 uiro,
356 1893 415 1958 sub
433 1891 552 1957 inuidia
569 1891 641 1956 falsi
657 1890 796 1972 impositi
815 1893 1008 1976 cognomenti
1026 1911 1081 1973 per
1099 1911 1172 1957 suos
1192 1891 1297 1957 deien-
1318 1916 1344 1956 u

175 2021 259 2067 sores
277 1998 475 2081 interpellans
488 1997 625 2063 iudicem
637 1997 772 2061 Bassum
786 1997 876 2080 quasi
889 1997 1056 2063 aduersum
1071 1997 1296 2063 Luciferianos.

123 2107 230 2175 85sed
251 2107 370 2170 Bassus
394 2103 468 2170 olim
487 2103 670 2169 catholicam
687 2102 779 2167 fidem
798 2122 946 2168 uenerans
966 2103 1133 2169 sciebatis
1150 2104 1296 2185 Lucifero

174 2212 290 2277 nullam
323 2211 485 2275 haereseos
516 2209 614 2274 fuisse
645 2209 840 2291 prauitatem,
872 2209 986 2292 quippe
1022 2228 1115 2292 quem
1150 2212 1182 2273 et
1215 2210 1296 2275 bene

174 2319 304 2384 nouerat
319 2335 374 2398 pro
391 2315 452 2380 fide
471 2314 624 2381 catholica
641 2315 746 2379 decem
765 2333 859 2379 annos
877 2315 968 2379 exilia
984 2315 1082 2380 fuisse
1100 2334 1295 2396 perpessum,

176 2426 208 2489 et
224 2443 279 2506 pro
298 2421 471 2488 constantia
488 2420 766 2504 succintegritatis
784 2420 920 2502 reppulit
937 2419 1150 2486 accusationes
1163 2420 1294 2486 Damasi
1316 2445 1343 2486 ac

175 2547 290 2614 negans
322 2546 356 2592 se
387 2528 552 2603 facturum,
575 2530 613 2592 ut
642 2525 780 2591 homines
812 2524 979 2590 catholicos
1009 2527 1041 2589 et
1061 2525 1198 2610 integrae
1220 2525 1294 2591 fidei

174 2635 259 2700 uiros
286 2633 509 2715 insequeretur,
537 2631 641 2697 (licens
667 2630 808 2709 manime,
836 2630 919 2714 quod
943 2630 1030 2712 ipsae
1057 2630 1294 2696 constitutiones

174 2741 395 2822 imperatorum
426 2740 532 2803 contra
561 2736 731 2803 haereticos
753 2734 948 2802 solummodo
973 2735 1186 2820 promulgatae
1207 2735 1295 2801 uide-

176 2850 276 2921 antur,
304 2864 364 2910 non
391 2846 497 2915 contm
523 2844 590 2923 hos,
619 2842 673 2926 qui
699 2841 928 2908 sanctissimam
958 2840 1052 2906 fidem
1078 2841 1144 2907 sine
1176 2841 1294 2910 saeculi

177 2950 344 3035 ambitione
367 2952 560 3016 conseruent.
583 2951 615 3014 et
636 2951 710 3014 tunc
731 2948 868 3030 primum
886 2947 1011 3013 erubuit
1027 2946 1191 3024 Damasus,
1210 2946 1295 3028 quod
1314 2976 1343 3016 aa

175 3056 322 3120 inuentus
346 3057 395 3120 est
415 3054 517 3133 iudex,
541 3055 595 3138 qui
617 3055 703 3120 solus
720 3053 893 3136 imperialia
911 3053 1026 3136 scripta
1042 3040 1184 3135 piissime
1201 3052 1295 3117 iuter-

125 3161 166 3224 86
176 3164 299 3243 pretans
331 3163 479 3226 tueretur.
546 3180 617 3226 nam
648 3162 680 3225 et
710 3160 770 3225 hoo
799 3161 904 3242 ipsum
935 3159 1144 3224 necessarium
1175 3160 1233 3236 est,
1257 3160 1294 3222 ut

176 3266 248 3331 falsi
275 3266 470 3352 cognomenti
497 3265 702 3331 discutiamus
728 3265 889 3341 inuidiam,
917 3283 978 3348 qua
1003 3283 1060 3329 nos
1080 3263 1202 3329 'iactant
1223 3281 1293 3328 esse

211 3470 456 3536 eremanommu
506 3471 591 3526 tsibi
609 3488 696 3543 onaq
747 3470 877 3526 london
895 3471 1037 3541 integram]
1055 3471 1293 3540 incipitraereusg

115 3617 117 3620 .
178 3561 211 3615 12
228 3561 358 3638 432εείωῄ
371 3561 401 3625 V,
420 3561 532 3615 cresium
551 3580 608 3632 rap,
626 3560 758 3614 heresium
776 3577 811 3629 ap
865 3558 1047 3614 sanctitatem
1084 3559 1116 3614 13
1134 3557 1292 3614 feruentes

176 3649 324 3703 intemante
339 3649 380 3712 X,
398 3649 540 3704 intimante
559 3665 584 3718 φ,
603 3648 756 3702 intimenite
773 3666 792 3718 χ
867 3641 944 3718 plebe
964 3647 1078 3718 (plebem
1095 3650 1124 3720 y)
1141 3663 1249 3702 romana
1267 3646 1292 3697 ep

178 3737 211 3793 lb
229 3752 291 3790 uero
310 3734 336 3786 Φ
423 3735 526 3792 inuidia
543 3752 560 3790 a
577 3734 639 3790 ialsi
660 3735 686 3789 V
756 3734 945 3791 ll'luciierum
962 3735 987 3785 Φ
1058 3735 1093 3791 18
1109 3735 1235 3790 hereneus
1252 3755 1292 3802 aa,

175 3823 295 3879 berarius
317 3824 346 3878 Y
403 3825 439 3879 20
456 3825 622 3878 constantiae
639 3840 703 3879 suae
720 3820 922 3895 integritatem
983 3824 1017 3880 22
1035 3825 1093 3894 ipse
1114 3819 1174 3885 ΥΦ,
1192 3839 1260 3880 carr.
1279 3840 1293 3874 o

176 3912 211 3966 23
227 3911 307 3967 modo
325 3929 358 3968 ca
374 3911 455 3967 modu
473 3912 590 3968 συντ]
656 3912 759 3985 2412ᾱο
778 3931 838 3983 naq,
856 3913 953 3967 ideis
1018 3913 1053 3966 25
1072 3910 1231 3968 conseruare
1251 3912 1293 3966 Yc

176 4001 210 4054 27
229 4004 257 4054 et
274 4016 359 4055 orno
446 4001 552 4070 ipch
638 4000 673 4054 28
690 4000 758 4055 ialso
776 4002 813 4067 X,
831 4001 928 4056 ialsurn
951 4002 979 4056 Y
1056 4002 1160 4055 iactant
1178 4015 1235 4054 essa
1258 3999 1293 4052 V:

176 4088 306 4142 iactantes
324 4087 349 4137 ‹l›
