2904 4672
160 217 202 280 86
327 184 412 268 Sacra
429 213 541 268 Honorii
558 212 593 268 ad
610 213 753 268 Arcadium
770 211 804 268 de
821 229 936 285 persona
954 213 981 268 S.
1000 213 1129 268 Iohannis

159 408 359 473 truderentur
377 411 409 473 et
431 408 560 493 sanguis
582 409 748 487 humanus,
765 407 848 492 quod
862 408 949 474 dictu
964 409 1051 474 naias
1066 411 1124 483 est,
1140 407 1291 475 caelestia

117 520 138 584 4
161 513 579 597 sacramentaperfunderet,
644 515 694 580 his
717 517 842 599 repente
863 513 1028 598 compertis
1050 513 1195 580 turbatos
1218 532 1290 579 esse

161 639 217 685 nos
240 621 348 688 fateor.
372 620 442 703 quie
466 620 548 686 enim
570 621 601 685 in
625 620 761 686 iocinore
783 623 849 686 tem
858 622 987 685 cruento
1001 619 1052 686 dei
1065 619 1289 703 omnipotentis

159 744 220 790 non
243 725 370 790 timeret
392 726 541 791 offensam
563 730 618 791 aut
641 744 702 808 quo
725 728 816 808 pacto
849 728 933 790 extra
964 744 1123 790 summum
1156 724 1291 790 Romani

162 831 244 897 orbis
268 831 471 914 omniumque
492 831 672 897 mortalium
695 834 821 914 putaret
842 850 912 896 esse
936 830 1111 909 discrimen,
1136 830 1290 914 cumipse
1318 850 1331 891 s

161 941 271 1004 auctor
290 937 391 1016 nostri
413 936 536 1020 imperii
559 940 590 1002 et
618 937 664 1003 rei
698 937 853 1021 publicae,
890 956 983 1020 quam
1019 936 1109 1002 nobis
1147 935 1289 1014 credidit,

161 1043 349 1127 gubernator
363 1042 558 1127 omnipotens
572 1041 649 1108 dens
663 1043 797 1108 funestis
812 1041 981 1109 admodum
1001 1040 1290 1125 execrabilibusque

162 1148 338 1214 commissis
379 1148 555 1214 crederetur
580 1148 682 1227 irasci,
710 1147 828 1214 domini
863 1147 964 1214 sancti
998 1148 1094 1214 meter
1127 1166 1289 1231 neposque

161 1253 299 1338 Augusti
321 1255 533 1322 uenerabiles:
557 1273 640 1333 cum,
665 1254 692 1320 si
715 1254 791 1338 qnid
817 1254 855 1320 de
887 1273 982 1321 censa
1012 1253 1175 1340 religionis
1208 1254 1290 1320 inter

162 1359 319 1431 antistites
348 1363 500 1445 ageretur,
531 1360 706 1445 episcopale
738 1360 910 1445 oportuerit
941 1380 1010 1427 esse
1040 1359 1216 1428 iudicium?
1251 1359 1291 1425 ad
1307 1385 1329 1426 ro

161 1464 233 1532 illos
257 1465 339 1531 enim
372 1465 547 1532 diuinarum
576 1486 679 1533 rerum
710 1466 934 1550 interpretatio,
962 1466 1003 1533 ad
1038 1485 1095 1533 nos
1127 1466 1290 1552 religionis

121 1583 140 1646 5
162 1575 286 1654 spectat
307 1572 504 1656 obsequium.
528 1595 530 1599 ¹
572 1572 628 1639 sed
650 1577 729 1654 esto,
760 1572 822 1639 sibi
845 1571 883 1638 de
905 1572 1050 1657 mysticis
1073 1576 1105 1637 et
1126 1571 1290 1639 catholicis

163 1678 399 1761 quaestionibus
423 1680 558 1762 amplius
581 1679 701 1769 aliquid
721 1678 904 1764 principalis
927 1696 1003 1744 cnra
1027 1679 1289 1762 praesumpserit:

162 1783 246 1850 itane
268 1804 370 1868 usque
393 1785 432 1849 ad
455 1786 546 1851 exibe
569 1784 777 1864 sacerdotum,
800 1803 902 1868 usque
925 1783 965 1850 ad
986 1784 1150 1851 hominum
1179 1784 1290 1851 caedes

164 1890 274 1956 debuit
294 1891 469 1977 indignatio
492 1891 648 1957 concitata
664 1890 839 1975 procedere,
868 1893 915 1968 ut,
947 1891 1003 1956 ubi
1035 1892 1139 1956 castae
1170 1908 1290 1974 preces,
1309 1903 1331 1956 rs

127 2001 129 2005 ’
163 1996 219 2061 ubi
240 2007 317 2063 uota
339 1993 468 2074 sincera,
505 1981 560 2063 ubi
596 1996 748 2064 sacrificia
782 1997 905 2063 illibata
939 1999 1116 2076 solnuntur,
1152 1996 1220 2062 illic
1256 2013 1290 2062 se

164 2101 288 2187 gladius
310 2103 394 2168 haud
417 2102 508 2169 facile
531 2104 626 2171 etiam
647 2103 681 2169 in
706 2103 853 2188 iugulum
872 2103 1035 2169 noxiorum
1049 2099 1291 2187 destrIngendns

121 2209 322 2285 peroraret?
401 2209 496 2275 rebus
533 2209 666 2293 deniqne
701 2209 780 2295 ipsis
818 2209 977 2289 docetur,
999 2207 1075 2292 quid
1111 2226 1206 2292 super
1240 2207 1291 2273 his

164 2315 297 2381 senserit
315 2315 422 2382 diuina
443 2315 602 2381 maiestas.
625 2316 762 2400 primum
785 2314 915 2399 quidem·
932 2316 992 2381 boc
1014 2312 1186 2398 praesentis
1210 2331 1294 2379 com·

163 2420 310 2488 motionis
339 2420 492 2488 indicium
530 2421 602 2498 fnit,
642 2425 736 2505 atque
776 2421 897 2487 utinam
939 2420 1058 2487 solum!
1094 2418 1172 2485 iacit
1209 2418 1293 2484 enim
1311 2447 1339 2490 ‚e

164 2527 301 2593 humana
320 2527 489 2613 trepidatio
503 2528 597 2593 tanti
620 2528 680 2594 sibi
717 2527 842 2594 conscia
876 2527 1054 2612 perpetrati,
1089 2528 1129 2590 ut
1163 2524 1292 2610 gramm

165 2632 284 2717 aliquid
305 2633 403 2718 (quod
426 2637 548 2700 adeunt
571 2634 764 2718 omnipotens
787 2632 879 2718 deus)
901 2635 973 2716 post
994 2631 1142 2699 terribilis
1160 2629 1292 2697 ultionis

165 2740 372 2824 experimenta
406 2743 601 2807 metuamus:
638 2739 730 2825 audio
767 2739 932 2806 ecclesiam
968 2740 1205 2816 sacrosanctam,
1241 2732 1311 2803 tot‘

164 2846 387 2931 imperatorum
422 2846 534 2930 opibus
571 2846 747 2930 expolitam,
783 2844 929 2928 pretiosis
970 2844 1107 2910 cultibus
1143 2842 1291 2920 nobilem,

164 2955 252 3019 tanta
269 2951 513 3037 supplicantium
530 2952 705 3038 principum
718 2988 733 3020 s
746 2988 761 3020 s
774 2952 924 3037 flagrasse
938 2954 971 3016 et
983 2950 1062 3016 illud
1076 2947 1293 3017 constantino·
1310 2955 1339 3023 ,s

164 3059 322 3143 politanae
345 3059 432 3124 urbis
454 3059 583 3124 unicum
605 3059 711 3124 lumen
734 3058 766 3122 in
788 3057 913 3124 fauillas
946 3056 1102 3140 dilapsum
1139 3054 1196 3119 deo
1232 3072 1293 3119 non

166 3166 453 3231 consummasse
485 3164 649 3250 (exsecrari
681 3163 763 3230 eninr
794 3162 921 3228 uidetur
951 3161 1114 3245 inquinata
1144 3159 1294 3244 mysteria

167 3273 199 3336 et
221 3271 374 3338 auertisse
392 3271 504 3336 ‘oeulos
527 3270 566 3336 ab
589 3289 625 3336 so
648 3271 728 3350 loco,
752 3287 845 3353 quem
867 3269 931 3334 iam
966 3266 1096 3353 sanguis
1132 3265 1292 3342 infecerat,

166 3395 204 3441 ne
227 3376 391 3443 obsecrare
420 3375 491 3459 quis
527 3376 676 3458 pietatem
714 3378 882 3455 caelestem
918 3374 976 3441 sub
1013 3371 1149 3439 cruentis
1184 3372 1293 3454 posset

168 3481 344 3569 altaribus),
385 3483 525 3549 aedilicia
565 3501 690 3566 quoqne
731 3481 838 3547 diuina
879 3500 939 3547 non
976 3480 1093 3545 minore
1129 3475 1292 3562 splendore
1309 3511 1332 3552 e

167 3589 286 3655 nobilia
308 3609 344 3656 ex
366 3589 574 3657 concitatione
598 3588 765 3654 saeuientis
801 3585 937 3657 incendii
972 3584 1097 3651 flamma
1130 3602 1163 3648 se
1195 3583 1291 3648 latius

195 3754 451 3826 ‘12epeetst13are
465 3757 587 3826 expectat
601 3755 628 3810 V
639 3755 776 3824 (tonoque
789 3769 862 3809 mors
868 3769 923 3822 pro
936 3753 1050 3823 spectat’
1065 3748 1167 3816 docet.)
1207 3749 1239 3802 17
1251 3747 1291 3801 in·

169 3843 262 3913 gnlum
279 3844 321 3899 0²:
339 3840 477 3915 ingan
527 3845 562 3898 24
580 3843 741 3915 operibusu
792 3843 827 3898 25
845 3841 1019 3897 lammams‘n
1034 3837 1291 3893 Vnoninde’catam

172 3930 235 3987 Car.
249 3931 368 4002 cupiscit
376 3932 486 3988 isserrtis
498 3932 588 3988 uubis
597 3931 717 3986 oratione
726 3931 945 4001 augustissimam
980 3929 1012 3983 31
1024 3927 1203 3982 concitatione
1215 3923 1291 3979 Oea:

168 4020 390 4094 cogitationenV,
416 4022 566 4092 agitatione
593 4019 757 4090 Petselerm'p,
784 4019 985 4089 contignatione
1016 4015 1174 4074 dubitanter
1189 4012 1292 4082 Meyer

168 4109 289 4164 flammas
307 4108 403 4164 elatius
425 4110 457 4174 V,
475 4126 542 4165 corr.
564 4109 627 4165 Coc.
