2904 4672
180 251 244 313 394
472 245 595 301 Gelasius
613 247 634 301 Ι.
655 247 688 301 ad
707 249 844 318 episcopos
862 249 1013 303 Dardaniae

179 445 354 507 consortem
383 443 610 506 communionis
639 445 780 507 externae
808 463 825 507 a
853 463 910 509 sua
937 445 1154 510 communione
1177 445 1320 511 dimouit

177 566 235 611 nec
258 567 337 629 opus
360 547 423 611 fuit
445 565 526 611 noua
549 547 677 629 synodo,
702 567 774 611 cnm
796 548 912 612 ueteris
936 549 1100 614 constituti
1118 551 1307 618 sufficienter

177 653 236 717 hoc
253 653 353 716 forma
366 653 601 734 praescriberet,
616 672 673 716 nec
689 672 767 735 opus
786 653 848 717 fuit
865 657 902 718 ut
919 654 997 718 haec
1014 655 1155 720 iacienda
1174 656 1304 724 Orientis

176 760 332 842 episcopis
364 760 533 835 intimaret,
566 778 645 840 quos
678 762 710 823 et
742 759 922 840 expulsione
954 760 1190 841 catholicorum,
1230 783 1304 846 quae

177 866 349 947 agebantur
373 865 406 928 in
435 883 529 928 cansa
559 863 642 940 fidei,
675 883 735 932 non
766 865 928 947 ignorasse
959 866 1164 931 manifestum
1195 873 1246 934 est
1275 874 1341 935 ets

124 972 160 1035 71
176 971 433 1036 communicando
447 971 612 1036 haereticis
626 972 804 1055 subrogatis
822 973 906 1037 facto
924 972 982 1036 tali
999 974 1207 1041 consensisse.
1247 995 1303 1041 non

176 1077 307 1141 dubium
339 1081 389 1143 est
420 1079 525 1154 etiam,
557 1096 628 1141 eum
662 1081 804 1142 externae
836 1078 1064 1143 communionis
1097 1079 1218 1145 effectis
1251 1099 1304 1145 nec

173 1184 316 1266 potuisse
348 1203 405 1248 nec
438 1184 585 1248 debuisse
617 1183 700 1248 sedis
732 1185 923 1266 apostolicae
954 1184 1034 1248 scita
1064 1186 1203 1251 tractari.
1235 1206 1303 1251 eece
1344 1257 1346 1261 ,

175 1294 370 1374 agnouernnt
396 1291 426 1354 in
456 1309 563 1354 eorum
589 1290 793 1373 professione,
826 1291 880 1373 qui
912 1291 1165 1356 constantissime
1194 1293 1303 1374 perdu-

172 1400 290 1475 rarunt,
319 1397 394 1480 qnid
420 1396 492 1461 fidei
520 1396 792 1478 communionique
824 1397 996 1462 catholicae
1027 1397 1202 1462 deberetur.
1235 1418 1302 1464 ecee
1319 1418 1340 1457 10

173 1508 378 1586 agnouerunt
402 1503 666 1585 quemadmodum
689 1522 707 1566 a
728 1503 845 1568 talibus
868 1503 1049 1581 recedendo,
1071 1504 1169 1570 immo
1186 1505 1302 1570 talibus

173 1610 326 1674 contraria
353 1609 520 1685 moliendo,
553 1628 571 1673 a
602 1608 663 1672 fide
691 1612 722 1673 et
749 1610 966 1674 communione
992 1611 1147 1675 catholica
1173 1612 1303 1677 deuiarit

122 1715 162 1778 72
172 1716 306 1780 Aeacius
339 1734 435 1797 seque
466 1716 582 1797 pariter·
613 1735 685 1779 cum
718 1715 826 1779 eodem
858 1716 953 1781 errori
988 1716 1194 1792 subdiderint.
1232 1737 1301 1784 ecce

172 1827 376 1905 agnoscunt,
409 1840 501 1903 quam
534 1821 628 1885 iustis
661 1840 696 1885 ex
724 1822 827 1890 causis
854 1841 910 1903 pro
937 1822 997 1887 lide
1025 1828 1057 1887 et
1083 1824 1301 1889 communione

173 1928 327 1997 catholica
354 1933 447 2009 atque
474 1927 659 2009 apostolica,
688 1927 739 1992 eui
767 1932 799 1991 et
824 1928 872 1992 illi
900 1929 1010 2010 quiin
1039 1947 1076 1992 ea
1100 1930 1301 2010 perstiterant
1316 1947 1339 1986 ¹⁶

172 2034 385 2118 congruebant
407 2035 438 2097 et
460 2033 494 2096 hi
518 2032 571 2113 qui
593 2033 806 2115 perstantibus
831 2034 999 2098 obniabant
1021 2034 1059 2097 ab
1084 2034 1194 2098 eadem
1214 2036 1301 2100 doce·

169 2143 283 2206 bantur
305 2141 406 2216 alieni.
432 2139 515 2204 sedis
535 2139 725 2221 apostolicae
744 2140 929 2226 auctoritate
948 2140 991 2205 sit
1006 2144 1148 2205 remotus
1166 2141 1299 2206 Aeacius

171 2247 224 2332 (ad
251 2247 340 2312 cuius
368 2248 532 2329 praecipue
560 2249 692 2310 uocatus
721 2264 847 2310 examen
875 2247 927 2310 uel
953 2246 1058 2311 uenire
1090 2247 1144 2310 uel
1174 2249 1300 2312 mittere

169 2372 229 2418 non
254 2352 385 2429 curauit,
410 2354 446 2414 nt
477 2369 510 2414 se
543 2352 581 2414 de
603 2351 653 2415 his
677 2352 832 2426 omnibns,
856 2352 883 2416 si
906 2351 1088 2430 confidebat,
1108 2352 1299 2436 absolueret)

169 2461 297 2541 eiusque
321 2459 436 2542 pariter
458 2457 648 2539 quicumque
672 2458 840 2540 complices
864 2456 1041 2534 extiterant,
1065 2462 1159 2540 atque
1183 2460 1222 2522 ab
1245 2459 1299 2523 illa
1313 2476 1336 2517 a

166 2566 278 2629 merito
302 2583 373 2629 cum
397 2564 446 2628 his
470 2563 688 2628 communione
711 2563 876 2640 discretus,
901 2581 919 2626 a
942 2583 1003 2646 qua
1025 2583 1058 2628 se
1076 2565 1145 2646 ipse
1162 2565 1298 2647 primum

168 2691 240 2736 eum
268 2670 334 2735 suis
362 2669 558 2734 consortibus
586 2669 750 2734 catholicis
780 2669 981 2751 pontificibus
1014 2670 1219 2753 discrepando
1248 2690 1296 2735 eo·

203 2980 357 3034 ldemouit
374 2979 422 3032 ΒΣ
476 2980 596 3033 2ueteri
616 2979 803 3033 constitutioni
820 2979 848 3032 Β
905 2980 991 3033 3hoc
1008 2978 1094 3033 forma
1112 2979 1159 3043 Αἱ,
1173 2980 1296 3048 plerique

166 3069 242 3123 codd.
267 3068 343 3132 Zet,
365 3068 421 3121 nisi
445 3068 518 3135 quod
546 3067 597 3121 hoe
622 3068 749 3121 omassum
776 3068 848 3121 inter
870 3067 1011 3120 columnas
1034 3066 1151 3130 addice,
1182 3067 1220 3122 V:
1246 3067 1294 3124 hoc

165 3158 240 3222 firma
257 3157 293 3221 B,
311 3156 378 3210 haec
394 3155 480 3224 forme
498 3155 544 3220 A³‚
563 3155 647 3209 forma
665 3155 732 3209 baec
749 3155 777 3210 R
847 3154 1024 3223 perscriberet
1040 3156 1068 3210 A
1086 3156 1133 3222 (cf.
1152 3155 1183 3221 Σ)
1255 3155 1294 3209 fa.

166 3246 260 3300 cienda
276 3245 336 3298 Bx:
357 3243 452 3298 cienda
474 3244 505 3304 V.
523 3244 632 3298 scienda
650 3245 678 3299 A
695 3249 720 3298 et
742 3244 767 3297 V
782 3260 855 3298 man.
874 3247 901 3308 2,
920 3242 1060 3296 scribenda
1076 3243 1105 3298 R
1193 3246 1212 3298 4
1230 3243 1293 3314 quos

166 3341 194 3388 et
216 3335 303 3388 Bas:
328 3332 398 3402 quod
422 3336 450 3386 et
476 3332 536 3393 VR.
560 3349 625 3401 quos
651 3349 682 3386 ex
708 3332 788 3386 Ybiel
893 3332 1047 3400 expulsione
1070 3332 1128 3385 sine
1152 3332 1251 3386 cathol.
1267 3333 1293 3386 Β

165 3421 187 3479 5
200 3439 307 3478 caueam
325 3421 353 3474 B
423 3425 465 3475 est
488 3421 578 3476 VRA:
598 3422 634 3474 sit
651 3422 679 3475 Β
696 3427 721 3475 et
740 3424 857 3488 (eccepto
876 3420 966 3476 codiee
984 3418 1047 3486 bx
1101 3422 1130 3473 et
1148 3420 1291 3474 communi·

165 3513 249 3567 csndo
265 3555 271 3566 .
286 3553 292 3566 .
307 3511 458 3564 consensise
472 3512 501 3576 (l)
521 3527 573 3562 non
593 3509 703 3563 dubium
718 3512 760 3562 est
773 3510 804 3562 in
816 3508 955 3576 superiore
967 3523 1051 3577 marg.
1067 3508 1132 3562 add.
1153 3509 1292 3563 Vmana

165 3603 180 3655 7
200 3603 310 3653 estem.
324 3598 352 3651 B
420 3599 436 3650 9
455 3598 633 3666 perdurarunt
650 3598 709 3650 Bll:
729 3596 899 3667 perdurarint
921 3596 998 3650 VRA
1071 3596 1103 3649 10
1122 3597 1189 3666 quid
1205 3597 1290 3651 Bal:

165 3688 235 3758 quod
255 3688 304 3742 VR
340 3687 471 3741 communi
486 3703 554 3756 quae
569 3686 735 3740 catholieiB
771 3687 802 3738 11
818 3683 1089 3754 quemammodumll
1144 3701 1225 3739 aem.
1243 3684 1290 3738 VB

164 3776 377 3831 recedendumB
414 3777 446 3828 12
456 3774 685 3829 contrariaBllA:
700 3777 792 3827 contra
806 3773 856 3828 VR
905 3771 1087 3826 molliendoB
1136 3771 1290 3826 deuiaretB

165 3867 197 3919 13
217 3864 365 3919 subdiderit
382 3865 409 3916 B
446 3865 478 3916 15
504 3864 549 3933 qui
568 3863 698 3933 (procui)
718 3862 745 3915 B
799 3862 973 3931 perstiterant
990 3861 1046 3914 Vx:
1066 3862 1243 3931 persisterunt
1255 3862 1288 3922 B.

164 3955 340 4008 constiterant
357 3952 411 4006 ΒΑ
480 3953 513 4005 16
530 3951 560 4004 hi
583 3951 618 4004 V:
637 3951 676 4004 hii
693 3951 728 4012 R,
747 3951 788 4004 illi
806 3951 862 4011 aA.
881 3966 930 4005 one.
949 3950 978 4002 B
1048 3951 1093 4018 qui
1112 3951 1247 4004 stantibus
1263 3949 1289 4002 B

165 4043 197 4094 17
217 4041 335 4094 accacius
359 4039 384 4091 V
437 4040 469 4093 18
484 4040 522 4092 ad
540 4039 632 4093 om.B
687 4041 720 4093 19
739 4041 814 4091 utlut
837 4038 863 4090 V
906 4039 929 4090 si
943 4036 1024 4091 BAR
1038 4053 1112 4093 neon.
1128 4042 1161 4091 2:
1175 4054 1224 4092 om.
1241 4036 1287 4089 rs

162 4133 268 4183 occa]
300 4129 356 4183 ⁴20
374 4129 520 4197 cornpleces
538 4129 565 4181 Β
