2904 4672
550 253 637 323 npse
655 252 792 307 nxxxrrr
810 254 958 310 asu-use.
1254 257 1318 322 305

191 447 273 512 illud
301 447 396 512 etiam
424 466 441 510 a
468 447 558 510 nobis
584 444 632 517 est
655 446 888 528 explanandum,
912 466 949 519 ne
973 448 1044 529 quis
1067 447 1223 513 existimet
1245 448 1318 513 Ibae
1343 447 1406 510 265

193 553 359 637 epistolam
393 553 426 615 in
463 571 498 616 eo
533 552 716 616 Nestorium
752 553 790 616 ab
827 553 957 628 haeresi,
993 554 1083 618 cuius
1121 557 1229 620 auctor
1260 558 1318 620 est.

193 679 351 736 excusare,
385 657 468 740 quod
498 658 589 722 dixit:
621 656 820 729 Nestorius
856 677 958 735 uero,
996 659 1081 740 quia
1117 660 1201 725 6616
1241 664 1320 725 erat

192 785 282 841 suae
303 764 478 830 ciuitatis
499 767 535 828 et
552 764 730 839 uirorum,
751 764 867 846 quiin
887 784 928 828 ea
946 769 1046 842 sunt,
1066 765 1317 842 maximorum,

158 872 274 939 611116
297 871 440 936 6666661
462 890 531 935 666
554 870 691 953 potuit.
715 870 764 934 bis
789 871 872 934 enim
894 871 999 934 uerbis
1021 871 1080 936 hcc
1098 872 1204 954 666166
1223 870 1319 955 signi-
1342 871 1406 934 266

190 975 319 1042 fieatum
349 976 554 1060 intellegitur,
584 976 657 1058 quia
683 975 865 1040 Nestorium
891 979 1000 1057 666666
1028 977 1220 1041 haereticum
1246 978 1318 1042 Ibus

192 1083 336 1148 odiosum
359 1101 435 1148 6666
459 1081 570 1145 dixerit
592 1082 714 1146 ciuitati
738 1085 769 1146 et
791 1081 933 1146 maximis
953 1086 1027 1146 tunc
1044 1083 1076 1146 in
1096 1084 1204 1147 eudem
1223 1082 1317 1160 uiris3

191 1194 224 1255 66
249 1194 413 1274 propterea
441 1189 486 1257 sic
513 1191 617 1270 patres
645 1190 769 1253 nostros
793 1188 875 1271 6666
899 1187 1105 1279 calcedonam
1126 1190 1318 1255 intellexisse

191 1296 379 1361 eredendum
407 1297 464 1372 est,
493 1293 567 1377 quia
594 1293 739 1376 superins
767 1294 798 1357 in
822 1293 929 1358 eadem
953 1295 1086 1376 66166616
1106 1296 1179 1359 1666
1203 1295 1320 1361 dixerut

147 1425 172 1464 66
191 1402 325 1468 66666666
347 1401 528 1466 Nestorium
551 1399 649 1464 libros
673 1399 780 1469 noxios
804 1400 1038 1484 conscripsisse,
1062 1402 1116 1482 qui
1139 1401 1319 1467 scandalum

190 1508 390 1573 audientibus
414 1509 509 1583 erant,
534 1508 566 1569 et
587 1507 709 1570 beatam
733 1504 887 1589 uirginem
908 1506 1041 1571 Mariam
1064 1507 1114 1571 dei
1137 1508 1318 1590 genitricem

190 1635 260 1680 esse
282 1613 453 1697 negauerit.
477 1613 523 1676 sic
546 1612 629 1677 enim
652 1611 690 1675 66
712 1611 755 1689 16,
780 1611 862 1694 quod
885 1615 989 1694 patres
1007 1613 1107 1686 nostri
1123 1616 1316 1695 receperunt,

189 1724 274 1786 recte
300 1739 365 1787 nos,
385 1706 566 1802 intellegere
597 1718 744 1783 conuenit
770 1721 802 1782 et
828 1736 887 1782 non
922 1717 1006 1782 uliud
1039 1719 1202 1801 suspicari,
1235 1719 1318 1802 quod

190 1824 325 1908 scriptor
343 1823 492 1906 661666166
511 1823 626 1887 dixisse
644 1843 703 1888 non
726 1822 851 1907 legitur.
897 1826 1077 1906 poteramus
1097 1824 1224 1907 quidem
1247 1844 1318 1889 cum
1341 1826 1403 1893 267

150 1930 244 2002 66661
267 1932 368 2016 gratia
391 1930 427 1994 66
452 1929 585 2012 singulis
611 1933 798 1993 memoratae
826 1929 976 2011 epistolae
1003 1929 1081 1994 16616
1104 1949 1145 1995 66
1173 1931 1318 1996 sensibus

189 2055 245 2120 per·
284 2036 406 2119 singula
452 2034 577 2100 reddere
622 2034 789 2112 rationem,
830 2035 884 2105 666
931 2035 1005 2116 quia
1048 2035 1174 2100 residua
1217 2035 1318 2100 eidem

175 2141 431 2224 intellegentiae.
464 2159 524 2225 qua
557 2159 656 2224 66666
692 2141 902 2224 exposuimus,
939 2144 1073 2223 possunt
1108 2143 1318 2224 competenter

189 2246 289 2330 aptari
321 2247 366 2331 (in
398 2246 512 2328 quibus
545 2246 640 2310 etiam
671 2246 699 2311 si
738 2246 856 2329 aliquid
894 2247 1096 2318 obscuritatis
1131 2250 1315 2325 6666666666,

190 2351 371 2418 auctoritati
396 2353 522 2434 patrum
550 2354 583 2417 et
608 2351 800 2435 profundiori
829 2371 935 2417 eonrm
965 2353 1196 2436 intellegentiae
1230 2353 1317 2418 cede-

143 2471 175 2522 66
188 2457 318 2542 remus),
342 2461 505 2541 propterea
527 2477 586 2522 666
610 2452 785 2522 66616616
810 2459 928 2523 diutins
951 2458 1188 2524 immorandum.

233 2565 363 2646 Propter
390 2565 465 2627 baec
492 2582 576 2646 ergo,
606 2581 685 2645 quae
713 2582 807 2646 supra
834 2563 977 2640 diximus,
1009 2568 1041 2628 66
1071 2567 1197 2647 6666666
1227 2563 1316 2629 illam
1339 2569 1403 2634 268

189 2670 451 2755 praedicationem
463 2667 546 2745 fidei,
561 2688 616 2752 per
631 2687 723 2750 quam
737 2669 928 2734 6666666666
943 2669 1164 2737 recordatiouis
1180 2664 1317 2752 Gyrillus

188 2775 412 2852 Alexandrinus
427 2769 592 2858 episcopus
608 2778 639 2839 et
652 2775 924 2840 reuerentissimus
937 2775 1090 2841 Iohannes
1104 2774 1316 2848 Antiocbcnus

189 2883 320 2948 antistes
339 2884 432 2962 atque
451 2898 558 2944 omnes
578 2878 753 2944 Orientales
774 2879 913 2962 episcopi
932 2881 1134 2962 perPaulnm
1146 2881 1316 2952 Emesenae

140 2986 329 3062 uicinitatis
353 2985 535 3068 episcopum
559 2984 598 3048 66
621 2986 816 3077 concordiam
838 2986 1006 3062 redierunt,
1030 3005 1124 3069 quam
1145 2986 1217 3050 1666
1241 3005 1316 3069 quc·

190 3113 250 3176 que
276 3093 307 3156 in
335 3093 404 3174 ipsa
432 3091 565 3174 66166616
589 3091 721 3156 1666666
747 3092 881 3156 libenter
908 3092 1117 3176 amplectitur,
1145 3091 1315 3157 orthodoxa

189 3204 239 3264 est
260 3199 333 3263 1666
357 3198 496 3290 episcopi
511 3216 537 3260 6
558 3197 698 3280 patribus
722 3198 921 3280 pronuntiata
943 3197 1081 3264 dictatio.
1148 3196 1205 3262 illa
1225 3216 1311 3275 uero,
1337 3197 1403 3260 269

189 3323 268 3388 quae
294 3303 325 3367 in
349 3303 418 3385 1666
439 3303 513 3367 1666
537 3303 708 3368 sacerdotis
732 3303 865 3386 epistola
886 3304 919 3367 in
941 3303 1063 3368 iniuriis
1086 3304 1195 3367 beatae
1217 3321 1314 3367 recor·

189 3410 324 3475 dationis
352 3408 459 3493 (lyrilli
487 3428 543 3493 per
569 3428 703 3474 errorem
730 3409 962 3492 intellegentiae
992 3409 1075 3473 dicta
1102 3410 1184 3484 sunt,
1212 3411 1315 3490 patres
1393 3395 1395 3398 ’

144 3539 171 3584 eo
187 3516 219 3579 in
243 3519 350 3579 sanctu
373 3513 615 3579 calchedonensi
639 3513 760 3596 synodo
778 3514 941 3596 epistolum
960 3514 1194 3596 pronuntiantes
1214 3513 1316 3577 ortho-

188 3621 308 3698 doxam,
336 3621 514 3684 nullatenus
542 3623 741 3701 receperunt:
769 3619 883 3702 quippe
911 3638 987 3702 quas
1017 3618 1201 3702 6616661666
1223 3636 1316 3682 uene-

277 3776 293 3831 3
312 3775 376 3830 lbae
394 3792 435 3846 ep.
454 3776 473 3830 l.
493 3792 515 3832 c.
534 3775 583 3831 col.
601 3775 653 3828 246
672 3773 696 3828 Α
714 3777 731 3828 4
749 3791 806 3845 sqq.
905 3776 921 3829 9
940 3775 1004 3829 1616.
1027 3774 1075 3830 col.
1094 3776 1146 3830 242
1165 3773 1185 3829 C
1206 3775 1235 3827 11
1257 3790 1314 3844 sqq.

188 3864 223 3925 26
242 3861 274 3916 cf.
293 3862 358 3916 ibid.
378 3861 429 3917 col.
448 3863 500 3915 247

223 3969 239 4022 3
259 3968 322 4037 quia
339 3968 367 4020 in
382 3983 446 4020 snae
461 3971 518 4021 erat
532 3967 593 4021 odio
607 3968 728 4021 ciuitatis
742 3967 861 4022 Bcluuio
875 3973 938 4022 teate
950 3973 1051 4023 ueteres
1063 3966 1173 4022 66666161
1188 3964 1314 4022 01661666.

187 4053 291 4109 codices
309 4053 404 4122 (0²0³)
463 4055 582 4108 'lirnV
647 4057 681 4110 30
700 4055 907 4110 calchedonense
931 4055 957 4109 V
1025 4055 1142 4125 epistola
1162 4054 1194 4118 V,
1213 4068 1314 4108 corno
1428 4078 1430 4082 ·

188 4142 222 4197 31
243 4158 314 4213 quac
330 4140 357 4194 0²
374 4142 444 4197 Bor.

243 4265 332 4306 xxxv.
1213 4247 1247 4300 20
