2904 4672
165 247 228 310 132
558 240 689 310 Simplicii
705 257 791 311 papae
809 241 940 310 epistulae

165 436 296 520 gelistae
334 435 407 500 sede
443 435 566 500 hostem
602 435 847 518 parricidamque
883 437 1038 520 propellat
1073 440 1114 516 et,
1155 436 1291 520 qualiter

165 540 337 606 catholicae
359 542 432 608 fidei
454 544 596 606 teneatur
617 542 780 626 integritas
803 542 835 605 in
858 543 1068 625 penetralibus
1095 543 1184 607 aulae
1202 560 1290 620 suae,

122 657 141 720 5
166 649 329 734 dignanter
350 650 495 733 inquirat.
559 666 638 732 quae
661 668 698 713 ns
722 649 826 730 aliqua
848 648 977 714 forsitan
1000 649 1072 714 fidei
1095 649 1291 714 aemulorum

165 755 273 821 fraude
291 756 454 834 uitiantur,
473 754 549 820 licet
565 756 597 821 in
616 754 765 820 eeclesiae
784 757 857 819 tuae
870 757 995 838 possint
1008 754 1130 820 scriniis
1144 754 1290 832 inueniri,

164 869 267 929 tamen
296 862 481 946 exemplaria
508 861 663 938 misimus,
686 881 766 943 quas
787 862 897 945 pietati
919 862 1018 944 ipsius
1040 860 1221 944 properabis
1246 860 1290 924 of·
1320 880 1332 920 s

164 970 253 1035 serre.
281 971 356 1034 nota
381 987 515 1050 namque
546 970 578 1032 et
609 968 752 1032 omnibus
783 967 850 1031 illic
880 967 1091 1051 potestatibus
1123 965 1290 1053 celebrata,

165 1094 245 1157 quas
260 1077 385 1139 sanctae
399 1074 566 1138 memoriae
580 1073 782 1155 prodecessor
793 1092 884 1138 meus
898 1074 960 1139 Leo
976 1073 1014 1138 ad
1028 1072 1289 1139 consultationem

165 1183 317 1265 augustae
342 1179 564 1246 recordationis
584 1173 705 1245 'Leonis
733 1179 901 1267 scripserit,
930 1182 962 1244 et
988 1198 1081 1261 quam
1107 1178 1292 1243 uenerantur
1345 1258 1348 1266 ,

165 1288 293 1370 accepta
328 1285 401 1362 sint,
437 1287 651 1368 recognoscat
689 1288 845 1368 appareat,
870 1266 966 1350 ¹sicut
1001 1283 1196 1362 confidimus,
1222 1282 1290 1347 eius
1318 1266 1321 1273 ¹

164 1392 304 1456 imitator
333 1391 415 1469 fidei,
448 1391 538 1456 cuius
569 1390 756 1474 propitiante
788 1389 845 1455 deo
883 1389 1005 1474 dignior
1041 1395 1090 1455 ast
1125 1408 1291 1455 successor
1307 1411 1330 1451 ro

163 1497 298 1579 imperii,
313 1496 434 1578 sibique
453 1496 605 1578 seriptum
623 1494 777 1570 aestimet,
792 1495 940 1577 quicquid
958 1496 1028 1559 ante
1048 1513 1081 1560 se
1095 1494 1290 1578 principibus

164 1603 217 1687 pia
246 1604 295 1667 est
321 1602 472 1667 traditum
498 1602 643 1667 lectione.
669 1601 726 1665 illa
752 1604 801 1667 est
826 1620 960 1683 namque
986 1600 1162 1684 perennitas
1189 1602 1289 1687 regni,

166 1727 243 1791 quae
270 1727 326 1791 per
352 1708 465 1773 seriem
487 1706 707 1792 propagandae
734 1707 928 1788 posteritatis
954 1707 986 1771 in
1014 1725 1195 1773 successore
1222 1726 1291 1790 rep-

121 1814 288 1899 bpererit,
321 1814 404 1897 quod
436 1833 454 1876 a
484 1831 679 1897 praecessore
711 1812 881 1878 descendit.
948 1813 1055 1878 hortor
1081 1831 1165 1896 ergo,
1195 1812 1291 1878 frater

166 1921 335 1998 carissime,
368 1926 405 1984 ut
436 1920 538 1984 modis
571 1919 713 1985 amnibus
745 1918 903 1984 faciendae
935 1919 1045 2002 synodi
1070 1936 1289 2001 peruersorum
1306 1941 1329 1982 u

166 2026 329 2091 conatibus
356 2025 528 2104 resistatur,
558 2044 637 2107 quae
664 2044 724 2090 non
753 2025 830 2089 alias
858 2043 979 2107 semper
1005 2024 1122 2088 indicta
1144 2026 1204 2102 est,
1226 2024 1289 2088 nisi

166 2151 238 2196 cum
261 2131 380 2213 aliquid
401 2132 433 2196 in
455 2132 560 2215 prauis
584 2132 728 2198 sensibus
751 2150 867 2196 nouum
892 2132 947 2195 aut
967 2131 999 2195 in
1023 2130 1192 2195 assertione
1214 2129 1289 2214 dog·

165 2232 287 2302 matum
315 2238 442 2302 emersit
470 2237 663 2323 ambiguum,
690 2243 727 2305 ut
756 2237 787 2300 in
820 2255 983 2302 commune
1011 2236 1231 2331 tractantibus,
1263 2237 1289 2299 si

166 2361 228 2424 qua
261 2346 345 2408 esset
376 2344 560 2422 obscuritas,
593 2344 793 2410 sacerdotalis
826 2343 1058 2408 deliberationis
1089 2341 1290 2406 inluminaret

165 2449 345 2526 auctoritas,
369 2450 453 2515 sicut
473 2452 609 2533 primum
630 2450 713 2516 Arrii
735 2469 770 2516 ac
794 2449 903 2516 deinde
925 2448 1074 2526 Nestorii,
1096 2450 1289 2531 postremum
1305 2471 1330 2514 so

165 2554 310 2621 Dioscuri
333 2559 425 2639 atqua
447 2557 598 2642 Eutychis
621 2557 688 2621 fieri
711 2557 814 2641 coegit
826 2556 982 2639 impietas.
1006 2557 1047 2632 et,
1067 2552 1150 2635 quod
1167 2551 1290 2616 miseri-

166 2660 272 2725 cordia
299 2661 415 2727 Christi
443 2663 493 2727 dei
521 2663 619 2727 nostri
647 2663 812 2728 'saluatoris
841 2664 971 2739 auertat,
1003 2657 1208 2724 intimandum
1241 2659 1304 2721 est=

166 2765 372 2831 abominabile
400 2787 469 2833 esse
497 2771 603 2833 contra
630 2767 799 2833 sententias
821 2767 921 2832 totius
945 2766 1028 2831 orbis
1052 2763 1167 2830 domiui
1190 2781 1290 2828 sacer-

168 2871 276 2937 dotum
309 2876 341 2938 et
371 2873 547 2958 principum
578 2875 741 2956 utriusque
773 2875 929 2938 rectorum
961 2872 1122 2936 damnatos
1154 2868 1290 2947 restitui,

166 2978 273 3043 reduci
301 2981 416 3055 exules,
443 2981 597 3065 relegatos
624 2981 655 3045 in
683 2980 786 3045 causis
814 2978 948 3043 nefariae
971 2974 1215 3042 conuersationis
1238 2976 1293 3039 ab·
1310 3004 1335 3042 a

123 3085 259 3156 7solui.
326 3087 442 3168 itaque,
479 3087 562 3169 quod
598 3105 690 3169 saepe
725 3085 926 3169 repetendum
968 3085 1026 3174 est,
1068 3082 1144 3146 haec
1186 3081 1294 3145 omnia

166 3192 423 3257 clementissimis
458 3192 583 3257 auribus
621 3191 802 3275 suppliciter
841 3183 1143 3255 intimaturum
1180 3189 1294 3269 procul

203 3431 327 3485 lsedem
344 3432 372 3485 Β
442 3432 600 3502 parricidam
619 3449 687 3502 quae
710 3433 736 3486 V
785 3430 1066 3502 2impenetrabilibus
1089 3429 1119 3493 V,
1137 3429 1294 3498 inpenetra-

167 3519 319 3586 bilibusB,
339 3536 406 3575 corr.
426 3521 623 3592 solidamina.
683 3522 832 3576 tuitietur
853 3521 915 3576 Gur.
969 3519 1115 3591 bpietatis
1132 3519 1159 3572 Β
1230 3535 1295 3587 pro·

166 3608 271 3675 perauis
285 3607 312 3660 Β
365 3609 505 3679 6nanqne
522 3609 550 3664 V
609 3613 639 3664 et
654 3611 690 3665 V:
705 3610 787 3664 estB
840 3611 1066 3679 9ree0gnoseant
1082 3607 1108 3661 V
1168 3605 1253 3660 sicut
1272 3606 1297 3658 V

168 3698 200 3750 11
219 3696 345 3750 aestimet
361 3695 400 3750 B:
421 3699 530 3752 estimet
547 3702 576 3753 et
597 3699 624 3753 V
684 3700 717 3753 12
736 3699 879 3752 dilectione
897 3697 924 3750 Β
1003 3696 1079 3766 regni
1097 3710 1165 3765 quae
1182 3694 1296 3762 scripsi:

167 3785 296 3855 regnique
313 3785 346 3850 V,
363 3785 441 3855 regni
460 3803 513 3856 qna
531 3804 544 3841 e
561 3788 589 3841 Β
643 3789 676 3844 13
693 3786 866 3858 propagando
884 3787 912 3840 Β
982 3783 1099 3856 rep'perit
1116 3783 1143 3836 Β
1200 3782 1233 3836 14
1253 3782 1296 3835 di·

167 3873 310 3928 scenditB
381 3873 484 3933 uine
498 3876 525 3929 Β
579 3878 612 3932 16
630 3877 696 3931 alias
711 3873 748 3929 0²:
769 3876 836 3929 alios
854 3874 886 3940 V,
901 3874 1000 3928 aliisB
1055 3874 1086 3927 11
1106 3872 1237 3942 inpranis
1256 3870 1295 3938 V:

165 3962 286 4031 inprobis
303 3963 331 4016 Β
402 3963 435 4018 18
454 3965 591 4018 emerserit
607 3964 635 4017 Β
704 3965 737 4018 21
757 3963 875 4018 euthices
898 3962 929 4028 V,
947 3961 1074 4016 utichetis
1089 3960 1116 4013 Β
1182 3958 1296 4013 24111-

166 4053 238 4104 tores
255 4050 282 4103 Β
369 4052 405 4107 24
426 4069 464 4123 sq.
483 4053 625 4108 restituere
650 4053 710 4107 duci
732 4053 759 4107 V
825 4053 859 4106 25
882 4050 1010 4121 relegatis
1027 4051 1054 4104 Β
1143 4046 1246 4102 obsolui
1266 4046 1295 4102 Β

166 4137 200 4193 21
218 4140 348 4195 internato
369 4141 396 4194 Β
