2904 4672
204 197 269 262 264
473 191 569 262 Uigilii
587 191 762 246 coustitutum
781 189 813 244 de
830 189 918 248 mibus
936 191 1060 261 capitulis

120 386 181 449 122
246 389 283 452 In
306 407 400 470 supro
421 388 537 470 scripto
560 387 710 452 uicesimo
734 405 814 451 nouo
838 386 975 468 capitulo
994 385 1073 449 dum
1096 386 1187 468 quasi
1209 387 1324 468 Apolli·

204 494 280 572 nari,
297 493 350 576 qui
366 491 503 556 diuinam
516 493 658 555 naturam
671 490 869 573 passionibus
883 490 1076 573 implicabat,
1095 490 1326 570 contradicitur,

205 617 223 664 a
248 601 334 663 recto
361 597 485 661 tramite
512 596 683 661 declinatur
706 599 737 660 et
759 594 870 660 modus
893 595 1072 660 assertionis
1100 595 1269 675 exceditur,
1293 603 1328 661 ut

204 720 301 786 purus
328 702 422 766 homo
449 700 633 784 pependisse
659 703 787 783 putetur
812 701 844 764 in
873 719 972 765 cruce.
1006 704 1038 765 et
1064 699 1133 766 ideo
1166 702 1220 783 qui
1252 702 1329 767 haec

204 809 251 873 ita
276 808 360 891 'sopit
385 807 478 872 docet
503 807 601 871 credit
628 810 683 870 aut
709 805 866 889 praedicat
893 809 926 871 et
951 825 1011 871 non
1043 806 1204 874 Christum
1236 808 1330 873 deum
1355 821 1365 861 ι

206 930 314 978 uemm
352 913 478 977 credens
516 914 659 977 manente
695 912 882 995 impassibili
918 912 1034 976 deitate
1071 913 1203 977 eundem
1229 930 1330 978 'carne

206 1018 329 1101 propria
350 1037 478 1100 passum
501 1035 569 1082 esse
593 1017 766 1094 confitetur,
790 1019 954 1083 anathema
976 1018 1027 1084 sit.

123 1230 185 1293 123
638 1231 798 1304 Capitulum
820 1231 904 1291 XXX.

250 1353 432 1413 Manifestum
460 1354 554 1412 eutem
582 1354 634 1424 est,
663 1354 739 1427 quod
769 1352 865 1411 unitos
897 1353 1045 1413 conuenit:
1076 1371 1128 1429 per
1158 1371 1221 1412 eam
1254 1355 1332 1414 enim

208 1441 343 1502 collectae
369 1444 488 1501 naturae
514 1459 600 1500 uuam
627 1458 778 1515 personam
806 1443 964 1501 secundum
995 1441 1133 1501 unitatem
1165 1443 1331 1502 effecerunt.
1349 1455 1371 1494 1⁰

207 1531 282 1590 sicut
309 1531 382 1590 enim
411 1530 445 1588 de
473 1530 534 1588 uiro
558 1531 587 1587 et
607 1528 724 1588 muliera
748 1528 860 1601 dicitur,
885 1530 1049 1604 quodiam
1072 1547 1137 1590 non
1161 1534 1243 1591 suut
1265 1533 1332 1591 duo

208 1620 268 1678 sed
289 1637 356 1678 nna
384 1635 471 1688 carc,
496 1618 623 1678 dicamus
646 1620 676 1676 et
704 1635 758 1678 nos
788 1617 996 1678 rationabiliter
1026 1619 1182 1678 secundum
1213 1620 1333 1680 unitatis

207 1706 346 1766 rationem
369 1706 502 1781 quoniam
524 1722 582 1765 non
605 1708 673 1764 sunt
691 1707 763 1765 duae
782 1707 1071 1779 percommodum,
1091 1707 1203 1767 scilicet
1221 1709 1332 1768 naturis

208 1795 348 1855 discretis.
374 1795 550 1855 sicutenim
581 1795 623 1873 ibi
653 1811 711 1854 non
743 1797 827 1854 nocet
857 1811 974 1854 numero
1007 1796 1125 1854 duomm
1156 1813 1243 1878 unam
1276 1797 1334 1857 dici

209 1901 322 1942 carnem
349 1884 467 1957 (certum
492 1885 535 1942 est
557 1882 641 1955 enim,
666 1885 822 1943 secundum
845 1885 922 1957 quod
944 1901 1002 1942 una
1024 1883 1146 1957 dicitur),
1170 1884 1212 1943 ita
1235 1886 1264 1943 et
1283 1885 1332 1945 hic
1351 1894 1374 1936 ν

125 1969 187 2033 124
208 1988 267 2031 non
290 1975 374 2032 nocet
395 1976 560 2032 uetummm
584 1971 758 2031 differentiae
780 1987 920 2046 personae
943 1971 1049 2030 unitas.
1095 1974 1208 2048 quando
1228 1973 1334 2032 etenim

208 2076 326 2124 naturas
349 2061 544 2131 decemimus,
568 2059 724 2133 perfectam
746 2063 877 2119 naturam
901 2059 946 2118 dei
969 2060 1050 2119 uerbi
1072 2060 1192 2121 dicimus
1215 2062 1245 2120 et
1266 2078 1333 2134 per-

208 2139 313 2209 iectam
336 2166 486 2224 personam
508 2149 572 2221 (nec
595 2148 670 2207 anim
692 2147 754 2207 sine
776 2152 901 2221 'persona
923 2150 968 2207 est
985 2148 1198 2208 subsistentiam
1218 2150 1332 2220 diceret,

208 2237 364 2311 perfectum
387 2240 481 2296 autem
500 2240 529 2297 et
544 2235 669 2296 hominis
685 2239 814 2296 naturam
836 2240 864 2295 et
881 2252 1032 2310 personam
1051 2236 1196 2307 similiter3
1216 2240 1333 2312 quando

210 2327 303 2384 autem
317 2327 359 2385 *ad
376 2325 604 2392 coniunctionem
622 2323 816 2400 respiciamus,
835 2341 921 2386 unam
938 2342 1091 2400 personam
1109 2329 1178 2385 tuuc
1198 2326 1333 2404 dicimus.
1351 2345 1376 2386 ευ

297 2545 314 2599 8
337 2542 401 2614 Cap.
423 2543 496 2598 XXX
519 2567 552 2590 =
576 2543 635 2598 Act.
664 2545 725 2613 Syn.
753 2545 800 2603 29:
820 2543 960 2598 ‘Eiusdem
987 2544 1036 2614 (scr
1061 2543 1206 2608 Theodori;
1235 2547 1336 2603 ‘sonmo'

213 2630 317 2702 Cyrtii?
339 2631 408 2686 falso
432 2631 493 2686 edd.
510 2629 559 2697 θ’)
582 2647 615 2687 σο
632 2631 702 2686 libro
720 2637 817 2686 octauo
836 2632 869 2686 de
885 2631 1085 2686 mamaccas)
1106 2631 1141 2699 0,·
1159 2630 1261 2687 Graeca
1278 2649 1335 2688 ser·

210 2718 287 2774 ussit
308 2719 436 2775 Leontius
460 2720 567 2789 (Script.
590 2722 644 2773 net.
671 2735 742 2774 nona
764 2719 823 2774 coll.
848 2719 885 2772 VI
903 2719 963 2782 305,
983 2721 1023 2778 st:
1046 2719 1175 2792 πρόδηλον
1195 2719 1230 2784 a,
1250 2720 1288 2785 ὡς
1304 2723 1334 2775 τό

210 2813 258 2878 τῆς
277 2806 393 2869 iudaeos<
412 2804 566 2878 ίραρμόζυν·
586 2805 628 2858 διὰ
644 2807 693 2876 γὰρ
711 2805 808 2877 ταύτης
826 2808 995 2877 συναχθεῖσαι
1014 2805 1040 2860 αἱ
1058 2805 1146 2878 φόσεις
1159 2805 1185 2859 ἓν
1197 2805 1336 2879 πρόσωπον

210 2895 276 2946 κατὰ
293 2895 340 2964 τὴν
359 2893 448 2947 ἕνωσιν
467 2891 630 2946 ότετίλεσαν·
650 2894 715 2947 ὥστε
734 2888 795 2966 decep
813 2893 827 2946 ὁ
845 2893 932 2966 κύριος
950 2894 991 2949 ici
1007 2915 1035 2948 τε
1052 2902 1097 2948 τοῦ
1115 2892 1208 2966 ἀνδρός
1226 2894 1336 2965 καὶτῆς

209 2979 328 3052 γυναικός
350 2999 435 3052 φησιν,
453 2980 519 3034 ιδστε
543 2981 626 3035 οὐκέτι
648 2979 696 3034 εἰσί
713 2980 758 3034 δόο
781 2980 848 3035 ἀλλὰ
867 2983 929 3055 σὰρξ
948 2981 1000 3055 μία,
1019 2977 1129 3056 εἴποιμεν
1149 2981 1179 3033 όν
1198 2983 1242 3035 καί
1258 2982 1335 3054 ἡμεῖς

210 3065 315 3129 εἰκότως
332 3068 399 3120 κατὰ
416 3063 534 3131 ionicam:
551 3067 637 3141 λόγον,
651 3069 717 3122 ὥστε
735 3068 819 3122 adsita
837 3068 885 3122 εἰσί
902 3068 947 3121 δόο
965 3068 1091 3139 πρόσωπα
1109 3067 1167 3121 ἀλλ’
1186 3066 1222 3134 ἓν,
1243 3069 1335 3142 δηλον·

211 3154 250 3208 ότι
270 3161 322 3207 τῶν
345 3152 445 3224 φύσεων
469 3153 674 3228 διακεκριμένων·
699 3156 785 3228 ὥσπερ
806 3157 855 3229 γὰρ
878 3154 930 3208 ἐκεῖ
948 3157 977 3210 οὐ
1000 3155 1149 3228 λυμαίνεται
1170 3160 1207 3230 τῷ
1232 3158 1334 3231 ἀριθμῷ

210 3247 258 3308 τῆς
277 3241 369 3304 δυάδος
387 3243 415 3294 τό
434 3237 493 3313 μίαν
511 3241 634 3314 λέγεσθαι
651 3244 698 3315 τὴν
712 3242 795 3313 σάρκα
809 3273 839 3283 -
852 3243 982 3316 πρόδηλον
993 3245 1041 3317 γὰρ
1054 3243 1115 3296 καθ’
1129 3241 1145 3296 δ
1159 3243 1205 3316 μία
1218 3243 1336 3316 λέγονται

212 3327 274 3398 (leg.
292 3327 401 3399 λίγεται)
423 3356 462 3392 -·,
480 3329 547 3382 adcor
565 3330 700 3384 κάνταῦθα
713 3328 743 3385 od
757 3328 904 3404 λυμαίνεται
921 3339 953 3404 τῇ
972 3338 1023 3385 τῶν
1041 3329 1143 3403 ρίστων
1162 3331 1274 3402 διαφορᾷ
1291 3338 1335 3384 τοῦ

211 3414 347 3485 προσώπου
358 3415 376 3488 ἡ
389 3416 488 3479 δνιυσις.
506 3417 568 3470 όταν
586 3419 697 3490 μὲνγὰρ
716 3420 763 3480 τὰς
781 3418 870 3490 φυσεις
889 3417 1064 3490 διακρίνωμεν,
1082 3416 1181 3471 τελείαν
1200 3419 1248 3490 τὴν
1261 3418 1335 3490 φύσιν

211 3509 255 3554 τοῦ
273 3503 338 3555 θεοῦ
360 3502 437 3575 λόγου
461 3506 542 3576 popio
560 3505 603 3556 καί
624 3506 720 3560 τέλειον
739 3509 766 3560 τδ
786 3505 921 3576 πρόσωπον
941 3505 1010 3573 (cote
1028 3507 1076 3577 γὰρ
1096 3504 1250 3576 διπρόσωπον
1268 3502 1335 3558 ’ἔστιν

213 3589 348 3643 ὑπόστασιν
372 3592 467 3658 εἰπεῖν),
486 3589 583 3644 τελείαν
608 3591 634 3644 δὲ
653 3593 695 3645 καί
712 3593 759 3664 τὴν
777 3598 822 3644 του
841 3590 980 3662 ἀνθρώπου
998 3590 1071 3663 φύσιν
1090 3591 1133 3645 καί
1150 3592 1179 3645 τό
1198 3589 1335 3662 πρόσωπον

212 3673 394 3746 όμοίους·,δταν
417 3678 502 3751 μέντοι
526 3677 565 3730 est
587 3680 635 3750 τὴν
654 3677 791 3750 συνάφειαν
811 3676 948 3748 ἀπίδωμεν,
968 3677 994 3730 ἓν
1013 3677 1148 3749 πρόσωπον
1166 3677 1224 3730 τότε
1243 3678 1336 3748 φαμέν.

214 3762 244 3816 11
264 3763 360 3820 uasto.
380 3767 456 3835 1s,c

231 3916 232 3920 ’
248 3905 263 3959 3
283 3907 423 3961 asertionis
440 3906 465 3959 V
516 3907 533 3961 9
550 3907 719 3962 manifestum
736 3949 742 3961 .
758 3951 763 3963 .
778 3908 811 3961 14
826 3907 946 3961 discretis
962 3907 1053 3974 adfert
1065 3905 1194 3974 Pelopiae
1208 3905 1224 3960 l.
1239 3921 1260 3959 c.
1278 3908 1337 3970 443

215 3994 247 4047 15
266 3993 485 4063 quidSuriues'n
497 3996 622 4064 murciae·
677 3997 712 4048 20
729 3994 901 4064 respiciamus
924 3993 997 4048 Vc2:
1017 3993 1170 4062 respicienti
1191 3991 1233 4056 0⁴,
1252 3992 1336 4062 respi-

214 4082 296 4135 cimus
314 4082 414 4136 Suetus
