2904 4672
597 269 682 338 Epist.
701 269 800 324 XCVII
817 270 930 325 23-28.
1265 276 1326 339 411

194 463 356 546 poscebat,
380 463 418 527 de
441 463 510 546 ipso
535 462 694 527 conlatore
717 462 882 546 dignitatis
906 464 1040 547 ingessit
1061 468 1155 547 atque
1178 465 1223 530 ita
1242 467 1330 531 aliter

197 569 369 652 adpetendo
399 569 449 633 sui
477 568 623 633 culminis
651 567 842 647 firmitatem,
872 588 965 652 quam
998 574 1166 652 conpetens
1199 571 1267 637 eius
1299 575 1330 636 91

198 674 310 738 decens
334 692 443 738 norma
465 675 645 757 requireret,
665 673 741 738 fecit
763 693 832 738 eam
854 677 977 757 praeter
999 676 1138 741 ordinem
1157 678 1328 742 naturalem

199 772 352 862 cupiendo
385 780 550 864 fastigium
583 780 687 844 meriti
720 780 851 862 potioris
885 800 1055 863 erumpere.
1094 782 1148 864 qui
1184 800 1329 848 excessua
1340 785 1382 849 26

163 885 306 966 entique
330 886 414 949 siout
436 888 558 949 reatum
581 886 692 949 intulit
715 885 884 961 excedenti,
910 887 954 950 sic
978 884 1133 951 iustitiam
1152 886 1330 977 conditoris,

197 995 306 1055 contra
324 991 414 1055 ouius
434 991 573 1055 ordinem
592 991 788 1068 tendebatur,
808 989 1004 1069 offenditet,“
1019 992 1092 1056 dum
1112 992 1150 1056 ab
1170 1012 1206 1058 eo
1224 997 1330 1057 tenore

198 1100 348 1176 cessatur,
378 1116 438 1179 quo
468 1097 535 1162 solo
563 1097 768 1181 proficeretur
795 1097 833 1161 ad
862 1098 976 1163 summi
1004 1098 1077 1163 boni
1104 1117 1237 1182 perenne
1260 1117 1329 1162 con·

198 1203 342 1280 sortium,
372 1206 607 1285 consequenter,
638 1204 693 1286 qui
720 1203 758 1268 ad
788 1203 857 1268 eius
886 1205 1031 1269 stabilem
1062 1205 1329 1288 participationem

196 1311 357 1391 peruenire
399 1330 458 1376 nou
500 1314 619 1393 posset,
666 1309 807 1374 defectus
853 1311 997 1388 accessit,
1044 1311 1127 1376 siout
1171 1314 1329 1375 creaturae

153 1414 358 1481 inrationalis
398 1416 510 1481 usibus
553 1415 752 1499 congruebat.
799 1434 871 1480 nam
912 1418 1039 1499 angelos
1081 1416 1120 1480 ad
1155 1416 1330 1499 profectum

199 1521 341 1586 conditos
373 1522 595 1604 promerendae
627 1520 810 1585 stabilitatis
849 1524 991 1586 aeternae
1026 1522 1082 1586 illa
1116 1541 1166 1586 res
1201 1522 1329 1599 indicat,

200 1627 347 1708 quoniam
375 1627 402 1691 si
431 1628 476 1691 sic
503 1627 580 1692 facti
609 1629 723 1707 essent,
752 1629 789 1690 ut
815 1626 948 1692 ulterius
976 1627 1055 1691 nihil
1082 1629 1217 1711 egerent,
1244 1628 1330 1691 nulla

199 1749 270 1814 pars
308 1751 414 1797 eorum
451 1733 554 1797 ullum
581 1733 739 1816 potuisset
767 1732 879 1796 habere
910 1731 1076 1796 defectum.
1104 1751 1164 1796 non
1193 1732 1329 1796 enimin

200 1837 245 1902 eis
269 1837 426 1902 diuersam
449 1842 591 1904 naturam
610 1839 710 1903 luisse
729 1838 894 1903 dicendum
915 1845 974 1915 est,
994 1857 1032 1901 ne
1050 1838 1115 1913 ille,
1136 1838 1189 1920 qui
1207 1838 1331 1921 propria

155 1969 182 2010 aa
200 1946 363 2009 uoluntate
395 1946 560 2027 prolapsus
594 1947 651 2020 est,
685 1945 815 2027 angelus
849 1946 1023 2020 excusetur,
1053 1944 1080 2008 si
1107 1943 1167 2008 hoc
1193 1943 1242 2007 illi
1269 1962 1329 2007 non

200 2068 275 2114 suae
305 2050 520 2132 proteruitatis
551 2051 687 2134 ingessit
719 2050 881 2114 arbitrium
915 2048 970 2112 sed
1006 2048 1178 2114 necessitas
1214 2048 1331 2113 inditae

200 2154 386 2219 conditionis
410 2155 600 2237 imposuisse
623 2156 778 2220 uideatur.
806 2155 888 2219 unde
917 2173 991 2238 ergo
1018 2154 1102 2219 beati
1126 2153 1381 2219 9191111119927

199 2260 302 2343 angeli
334 2260 372 2324 de
403 2260 559 2343 perceptis
592 2261 673 2344 grati
704 2261 774 2344 piae
809 2259 986 2325 deuotionis
1019 2259 1122 2324 officio
1151 2264 1268 2324 91191
1297 2278 1331 2324 se

198 2366 285 2449 ipsos
314 2366 369 2431 sed
395 2367 501 2448 potius
529 2368 607 2451 ipsis
635 2367 836 2451 praeterendo
866 2366 1086 2432 conuenienter
1108 2370 1269 2430 auctorem
1292 2364 1330 2428 ad

153 2499 181 2540 ao
200 2473 268 2536 eius
295 2473 536 2555 perpetuitatem
563 2474 711 2556 prolicere
739 2473 933 2555 prouehique
956 2474 1147 2549 meruerunt,
1170 2472 1242 2536 inde
1264 2472 1329 2549 isti,

200 2578 253 2660 qui
274 2579 398 2661 reprobi
417 2583 500 2659 9111,
520 2579 557 2644 de
575 2579 732 2661 perceptis
751 2581 976 2660 consequenter
993 2578 1108 2662 ingrati
1127 2577 1329 2660 debitumque

200 2683 435 2750 dissimulantes
460 2686 646 2766 obsequium
669 2703 765 2766 seque
787 2684 874 2765 ipsos
897 2683 998 2767 magis
1023 2703 1126 2765 quam,
1151 2683 1204 2765 qui
1226 2686 1330 2748 tantae

201 2788 364 2874 dignitatis
406 2787 615 2856 substantiam
656 2789 845 2866 condiderat,
890 2788 1045 2871 praeferre
1088 2789 1254 2853 molientes
1300 2792 1331 2852 et

200 2895 406 2962 delectatione
425 2916 501 2961 suae
521 2897 685 2962 creationis
704 2895 812 2959 inlecti
831 2914 849 2958 a
868 2894 1016 2959 creatoris
1034 2895 1151 2959 honore
1170 2893 1329 2967 cessando,

154 3031 182 3072 ee
201 3007 316 3085 quanto
349 3007 529 3086 arroganter
561 3003 644 3079 elati,
677 3005 763 3066 tanto
797 3000 990 3065 aeternitatis
1022 2999 1241 3065 rectitudinem
1276 3018 1331 3081 per

199 3108 438 3173 inreuerentiam
465 3127 525 3173 non
554 3108 712 3190 sequendo
742 3107 779 3171 ab
808 3107 876 3170 eius
904 3105 1020 3188 pariter
1043 3108 1074 3169 et
1097 3105 1276 3188 dignatione
1300 3107 1331 3169 91

199 3214 436 3297 participatione
463 3214 590 3278 retracti
617 3218 692 3279 sunt
719 3216 751 3279 ot
778 3213 817 3276 ab
841 3231 887 3289 eo,
913 3210 997 3293 quod
1022 3209 1247 3291 sempiternum
1271 3211 1329 3286 est,

200 3319 380 3384 recedentes
409 3320 440 3382 in
468 3319 510 3398 id,
540 3320 624 3401 quod
651 3338 774 3401 semper
801 3317 916 3393 deficit,
940 3319 1015 3381 suut
1037 3314 1168 3378 reducti.
1248 3313 1382 3395 quod28

199 3427 377 3508 praestante
405 3424 462 3488 deo
491 3427 597 3490 nostro
625 3424 748 3506 plenius
772 3423 849 3487 alias
874 3420 1059 3486 confidimus
1083 3417 1329 3501 exsequendum

155 3561 183 3603 ω
200 3549 281 3595 1119
313 3529 449 3607 interim,
483 3535 635 3611 quantum
666 3528 822 3612 praesenti
854 3525 980 3611 negotio
1014 3524 1140 3596 sufficit.
1173 3523 1249 3587 haec
1277 3522 1331 3586 illa

201 3655 296 3700 causa
310 3639 368 3714 est,
382 3635 441 3699 boc
456 3634 535 3699 illud
554 3635 683 3711 malum,
702 3653 757 3716 per
775 3632 859 3715 quod
878 3631 973 3696 etiam
992 3630 1059 3695 sine
1078 3630 1158 3692 uitio
1178 3627 1330 3709 corporali

201 3741 335 3824 quadam
367 3740 500 3824 spiritali
531 3741 733 3805 fornicatione
766 3742 871 3804 motus
904 3737 1035 3820 angelus
1068 3755 1085 3799 a
1117 3734 1232 3810 diuina,
1271 3752 1331 3814 qua

237 3967 252 4019 7
271 3966 405 4035 perhenne
429 3965 454 4019 V
538 3965 570 4018 12
588 3965 638 4018 fati
662 3965 692 4027 V,
712 3980 779 4018 corr.
799 3985 813 4017 o
899 3962 932 4016 16
950 3960 1095 4015 necessitas
1113 3958 1155 4012 sin
1174 3956 1276 4010 inditae
1299 3956 1329 4020 V,

202 4054 318 4109 corraei:
338 4055 483 4108 necessitas
502 4053 554 4107 sibi
572 4053 674 4106 inditae
695 4050 721 4122 p²
765 4052 797 4105 19
816 4051 881 4120 11919
899 4048 1008 4118 scepei:
1027 4048 1079 4116 ipsi
1103 4045 1128 4099 V
1166 4045 1200 4099 20
1218 4044 1330 4114 prouehi

202 4159 253 4214 que
276 4143 302 4196 V
345 4144 380 4196 26
399 4142 555 4212 dignatione
577 4141 668 4195 Tba'el:
686 4140 872 4209 indignatione
895 4137 925 4191 V
967 4135 1156 4205 scengelius
1179 4133 1211 4198 V,
1229 4143 1329 4188 corae
