2904 4672
552 241 638 312 spise.
657 241 793 298 nxxxm
813 241 959 296 lna-urs.
1254 247 1319 311 279
1397 233 1401 326 ᾗ

186 460 250 517 ego,
275 459 339 502 cum
362 442 417 501 hoc
440 440 504 511 sim,
528 440 639 514 accipie
664 440 850 499 oboedientes
871 439 966 498 semel
992 441 1103 508 babens
1125 441 1244 501 iubendi
1265 459 1318 516 po-

184 533 319 590 testatem
342 533 460 613 propter
483 529 594 591 datoris
612 525 840 604 indulgentiam’.

623 722 784 796 Capitulum
807 723 886 783 nm.
1343 693 1404 779 rso

230 843 430 920 ‘Quapropter'
444 863 499 905 uec
521 846 708 921 incongruum
734 847 779 903 est
801 847 880 904 etto
903 846 1023 920 accepta
1045 844 1102 903 isto
1124 863 1141 903 a
1165 846 1217 904 deo
1235 847 1318 918 pote·

149 937 263 993 secate
286 935 375 994 uerbo
400 935 460 994 selo
484 934 628 993 iubentem
652 934 768 1009 abigere
791 929 958 1008 passionss'.
989 951 1048 1001 nec
1072 933 1146 991 euim
1172 938 1319 1008 tamquam

184 1023 245 1083 filio
269 1024 316 1082 dei
339 1026 457 1083 stante
480 1023 643 1096 uniuersam
673 1025 831 1082 creaturam
860 1021 992 1081 existenti
1017 1025 1045 1080 et
1067 1021 1189 1081 creatori
1211 1039 1317 1092 eorum,

185 1129 258 1187 quae
282 1114 358 1182 sunt,
383 1112 508 1172 accessit
530 1112 670 1171 centurie.

228 1232 263 1295 In
292 1239 386 1314 supra
413 1231 529 1314 scripto
559 1230 818 1314 quiuquagesimo
843 1212 979 1294 secunde
1003 1231 1034 1293 et
1058 1229 1316 1314 quiuquagesimo
1342 1225 1403 1293 177

183 1337 278 1406 tertio
312 1337 449 1421 capitulo
482 1337 606 1415 dicitur,
639 1323 713 1420 quis
745 1336 868 1403 Christo
906 1336 1016 1401 dixerit
1051 1335 1192 1401 centurio
1228 1335 1318 1399 ‘nihil

138 1466 166 1506 so
185 1442 370 1508 mirandum.
408 1444 435 1508 si
472 1442 532 1517 hoc
563 1445 666 1526 potes,
699 1461 771 1507 curu
803 1443 847 1506 sis
878 1442 971 1507 homo
1004 1442 1159 1524 accipiens
1192 1461 1210 1506 s
1241 1440 1315 1506 deo:

185 1550 331 1632 quoniam
366 1552 399 1614 et
430 1568 499 1634 ego,
533 1569 605 1614 cum
635 1549 695 1614 hcc
728 1549 800 1619 sim.
833 1548 952 1630 accipio
985 1547 1186 1614 oboedientes
1218 1548 1317 1612 semel

183 1654 301 1719 babens
327 1653 457 1719 iubendi
483 1658 674 1737 potestatem
701 1657 828 1738 propter
854 1653 971 1719 datoris
1002 1653 1252 1738 indulgentiam,
1285 1657 1317 1718 et

185 1760 329 1841 quamuis
363 1779 398 1824 ex
430 1759 477 1839 eo,
511 1760 594 1843 quod
625 1761 777 1842 sequitur,
810 1760 1021 1825 centurionem
1059 1780 1119 1824 nou
1156 1763 1316 1842 tamquam

183 1865 283 1930 filium
302 1865 350 1930 dci
370 1865 483 1944 adisse,
504 1867 557 1949 qui
576 1867 756 1931 uniuersum
775 1866 949 1931 condiderit
967 1871 1150 1940 creaturam,
1170 1865 1316 1931 uideatur

139 1994 166 2035 rs
185 1970 311 2052 quidem
338 1959 406 2054 ipse
431 1972 570 2041 confiteri
594 1991 666 2037 eum
689 1990 759 2037 esse
781 1972 882 2036 filium
905 1973 955 2037 dei
979 1975 1011 2038 et
1033 1977 1191 2037 creaturae
1214 1972 1314 2037 totius

185 2075 339 2160 opificem,
375 2080 489 2153 tamen,
527 2079 601 2161 quia
636 2097 692 2143 neo
731 2078 769 2143 de
807 2079 997 2143 centurionis
1034 2077 1195 2143 intellectu
1237 2077 1314 2142 bene
1339 2075 1401 2141 178

185 2183 387 2261 existimauit,
412 2184 503 2249 cuius
525 2184 619 2250 fidem
643 2185 786 2250 domiuus
811 2205 869 2250 uon
894 2185 1037 2250 laudaret
1066 2185 1213 2250 diceudo:
1242 2205 1313 2250 uon

183 2286 323 2354 iuueni
345 2293 499 2354 tantem
521 2290 641 2355 fidem
664 2291 702 2355 iu
725 2289 870 2369 Israel,
894 2291 955 2357 uisi
979 2292 1074 2356 sciret
1096 2309 1168 2356 eum
1191 2291 1313 2355 intelie-

183 2395 277 2473 xisse,
300 2396 374 2478 quia
392 2396 468 2460 deus
489 2400 547 2474 est,
567 2400 599 2462 ct
617 2417 652 2461 ex
670 2397 883 2479 superioribus
903 2397 1051 2479 capitulis
1069 2397 1100 2460 in
1119 2397 1189 2461 aliis
1209 2397 1312 2475 dictis,

136 2530 167 2569 sc
186 2520 258 2566 eum
285 2521 345 2566 uou
372 2520 427 2583 por
453 2503 607 2566 unitatem
636 2502 859 2567 subsistentiae
887 2503 942 2567 sed
965 2503 1175 2587 pergratiam
1198 2490 1314 2567 dicitur

184 2592 329 2672 Christus
353 2623 422 2672 esse
444 2606 530 2672 filius
555 2607 615 2685 dei,
636 2611 668 2672 et
687 2627 722 2672 eu
741 2627 777 2672 eo
796 2628 894 2690 purus
913 2609 1005 2673 bomo
1026 2607 1170 2675 Christus
1188 2607 1315 2675 uidetur

182 2712 299 2788 induci,
324 2713 378 2795 qui
400 2732 456 2796 pre
479 2715 590 2779 merito
615 2733 672 2779 suo
696 2714 851 2796 acciperet
871 2733 927 2796 per
949 2714 1066 2780 datoris
1085 2713 1312 2797 indulgentiam

183 2820 384 2902 potestatem.
418 2819 445 2882 si
478 2819 548 2901 quis
581 2837 654 2903 ergo
688 2820 763 2884 haec
795 2818 841 2884 ita
875 2819 959 2901 sapit
997 2819 1089 2885 docet
1125 2820 1223 2885 credit
1258 2805 1314 2885 aut
1367 2803 1368 2807 ¹

182 2924 350 3007 praedicet,
373 2925 537 2989 anathema
560 2925 611 2990 sit.

271 3133 287 3185 a
312 3130 376 3200 cap.
399 3130 594 3186 u111=aec
616 3131 747 3201 synar:
772 3131 910 3187 ‘mindens
933 3137 980 3201 (sc.
1004 3104 1148 3201 russone)
1173 3095 1314 3187 aeonem

183 3218 308 3273 crocco
359 3220 392 3273 17
412 3219 508 3272 nacte.
526 3219 552 3284 a,
574 3220 606 3274 ιο

217 3343 234 3395 4
252 3341 339 3395 uerba
361 3344 523 3410 quapropter
545 3347 592 3395 etc.
610 3341 698 3394 nullis
714 3341 805 3396 acerbis
822 3341 989 3410 interpositis
1007 3359 1040 3396 ea
1061 3359 1132 3411 quos
1144 3343 1314 3412 praecedunt

181 3429 315 3500 anscpmsc
330 3429 477 3496 uidentem
490 3431 590 3498 priora
609 3430 680 3483 euim
698 3433 860 3501 quapropter
871 3471 876 3484 .
888 3473 893 3484 .
904 3431 1043 3499 passiones
1065 3431 1147 3485 etiam
1165 3431 1204 3484 ad
1221 3447 1254 3485 sa
1270 3448 1311 3486 rc·

180 3516 296 3585 seresrda
317 3522 389 3582 sunt,
407 3533 477 3586 quac
494 3517 525 3570 ἐκ
543 3534 601 3586 cap.
624 3521 661 3572 52
679 3517 712 3572 dc
732 3533 782 3573 suo
803 3517 960 3573 Theodorus
983 3503 1163 3573 murionum
1184 3520 1313 3573 dicentem

183 3605 256 3673 fucit
310 3605 343 3659 14
362 3607 509 3659 creaturam
529 3606 671 3660 uideatur.
687 3652 693 3663 .
708 3607 791 3661 filiurn
811 3606 853 3660 dei
872 3610 900 3660 st
918 3608 959 3662 bs's
980 3606 1007 3660 V
1069 3607 1102 3660 19
1119 3623 1157 3676 sq.
1176 3613 1205 3661 et
1222 3625 1254 3662 ex
1269 3608 1312 3661 his

183 3697 211 3748 et
229 3693 409 3762 superioribus
428 3693 553 3763 capitulis
572 3697 601 3747 et
619 3694 678 3748 eliis
697 3694 776 3748 dictis
794 3696 848 3749 ism
866 3712 918 3749 uon
937 3697 1007 3750 Bar.
