2902 4672
197 294 258 358 190
452 291 494 345 Ad
511 291 620 345 Petrum
638 290 779 345 Fullonem
798 290 928 360 epistulae
946 288 1051 360 spuriae

150 483 170 546 3
192 487 297 551 locum
322 486 436 551 haheat
460 485 627 569 appellatio
652 485 778 550 crucis?
845 486 924 551 dicis
949 486 1031 550 enirn
1053 487 1193 550 ‘sanetus
1218 485 1325 549 deus:

193 591 318 673 etquis
346 591 477 675 ignorat,
502 591 575 673 quia
596 591 716 674 primns
739 594 828 674 pater
851 591 1023 657 secundum
1047 591 1185 657 ordinem
1209 576 1325 657 solitae

193 696 426 781 glorificationis
442 698 491 762 eet
509 697 663 774 omnibus,
678 697 754 762 licet
776 708 835 762 non
853 716 908 781 per
926 697 1138 762 excellentiam
1158 695 1325 781 dignitatis

193 802 340 868 diuinae?
364 801 475 867 deinde
498 801 577 866 dicis
606 804 733 866 sanetus
751 802 866 867 fortis':
887 802 1008 884 etquis
1028 799 1325 867 neseitsecnndum

194 909 377 993 prophetam
399 908 524 972 Esaiam
549 908 622 991 quin
642 928 720 992 puer
742 911 834 972 natus
858 910 907 973 est
929 908 1018 973 nobie
1047 907 1192 973 Christus
1218 905 1324 983 Iesus,
1356 929 1370 970 s

194 1014 285 1080 cuius
307 1013 502 1095 principatus
526 1013 628 1077 iactus
652 1017 701 1079 est
725 1032 819 1096 super
836 1014 983 1079 humeros
1003 1012 1070 1078 eius
1087 1016 1120 1077 et
1138 1014 1273 1078 uocatur
1293 1014 1326 1076 et

195 1119 362 1203 estmagni
376 1118 500 1184 consilii
517 1120 656 1203 angelus,
673 1118 760 1196 deus,
775 1119 889 1184 tortis?
904 1137 983 1183 nam
1003 1118 1095 1183 licet
1113 1115 1325 1183 crucifixus

195 1223 245 1288 sit
271 1241 311 1286 ex
337 1222 575 1304 infirmitate,
600 1223 655 1287 sed
677 1223 834 1287 infirmum
857 1224 997 1288 nostrum
1017 1222 1183 1287 adsumens
1207 1241 1325 1306 corpus

193 1328 253 1393 hoc
284 1347 397 1411 passus
429 1331 494 1403 est3
526 1328 615 1393 fortis
649 1331 753 1393 autem
785 1329 862 1394 dene
895 1328 1031 1394 existens
1063 1327 1252 1393 confidenter
1286 1326 1326 1392 ad

195 1451 318 1499 crucem
332 1435 492 1518 proprium
506 1433 636 1498 tradidit
650 1453 772 1517 corpus,
787 1434 870 1499 unde
888 1434 983 1499 etiam
1002 1434 1142 1499 dicebat:
1161 1433 1325 1517 spiritus
1347 1457 1373 1497 rc

195 1540 345 1622 quidem
373 1542 580 1623 promptus,
605 1559 686 1604 caro
711 1544 834 1605 autem
857 1540 1017 1605 infirma.
1043 1560 1077 1604 er
1100 1541 1159 1605 hoc
1185 1539 1269 1605 enim
1294 1543 1327 1605 et

194 1647 347 1728 propheta
371 1645 467 1728 ipse,
495 1645 607 1727 inquit,
639 1644 885 1710 infirmitates
916 1649 1065 1709 nostras
1098 1644 1326 1728 adsumpsit.

151 1751 171 1815 4
196 1751 290 1817 deum
313 1753 417 1816 autem
436 1754 469 1816 et
486 1750 643 1816 hominem
663 1769 768 1815 omnes
793 1749 979 1816 confitentur
999 1749 1169 1828 Christum,
1188 1753 1223 1815 tu
1248 1769 1327 1816 uero

194 1857 297 1922 solum
324 1857 539 1922 fortitudinem
568 1856 685 1923 Christi
713 1856 887 1922 diuinitatis
911 1857 1018 1922 dicens
1041 1859 1073 1921 et
1095 1856 1174 1921 hanc
1200 1875 1328 1940 quoque

193 1963 401 2052 pertransiens
420 1963 535 2028 uenisti
558 1963 596 2028 ad
620 1964 763 2028 sanctum
783 1962 927 2045 spiritum
946 1965 978 2026 et
993 1962 1156 2027 confessus
1176 1981 1220 2041 es,
1240 1962 1329 2028 sicut
1348 1985 1373 2025 a

151 2071 267 2134 5ucre
299 2071 357 2144 est,
388 2067 596 2136 inmortalem.
664 2087 756 2150 quem
789 2087 861 2152 ergo
894 2067 1109 2150 superinducis
1142 2066 1326 2133 crucifixum

194 2175 320 2256 propter
341 2193 399 2240 nos
421 2175 554 2256 postea?
577 2193 652 2238 num
677 2164 836 2264 Christum
860 2172 962 2238 dicis?
986 2191 1060 2257 ergo
1082 2172 1272 2238 manifestus
1292 2192 1328 2238 es

196 2277 437 2361 quaternitatem
466 2278 599 2362 sapiens,
629 2278 726 2345 alium
745 2266 876 2362 'praeter
902 2279 1014 2343 fortem
1042 2278 1133 2342 deum
1163 2276 1328 2345 Christum

196 2385 392 2451 nominando.
421 2385 477 2451 sed
504 2385 649 2467 spiritum
677 2387 820 2450 sanctum
848 2384 1030 2449 crucifixum
1057 2383 1161 2450 dicis?
1189 2389 1222 2450 et
1250 2384 1329 2468 quid

196 2492 256 2556 hoc
284 2490 419 2574 amplius
447 2490 507 2555 erit
533 2491 687 2574 impium?
721 2510 795 2556 num
826 2490 990 2556 fantasiam
1023 2491 1136 2555 asseris
1168 2491 1329 2573 passionis
1345 2512 1374 2554 so

197 2596 482 2679 dispensationem?
511 2616 584 2681 ergo
612 2597 785 2662 secundum
816 2597 929 2679 impios
961 2595 1162 2662 Manichaeos
1191 2596 1330 2662 fantasia

153 2706 173 2769 6
197 2703 246 2766 est
263 2703 368 2767 nostra
385 2703 482 2767 salns.
532 2702 630 2779 uides,
650 2701 911 2785 quemadmodum
931 2701 1068 2783 undique
1087 2701 1330 2785 praecipitaris?

198 2811 230 2872 et
256 2807 379 2890 ignoras
407 2808 584 2873 autetiam
611 2808 713 2872 sciens
745 2810 856 2890 sponte
887 2807 1092 2891 malignaris?
1124 2825 1197 2873 ecce
1228 2807 1331 2892 igitur

197 2912 375 2978 admonitus
396 2916 555 2978 reuertere
579 2914 616 2979 de
640 2914 923 2996 indisciplinatione
947 2915 1002 2978 tua
1025 2916 1056 2978 et
1080 2932 1219 2996 sequere,
1244 2913 1332 2978 sient

198 3019 366 3102 suscepisti
383 3038 401 3083 a
418 3020 579 3104 propheta,
604 3020 778 3104 glorificare
800 3020 950 3104 trisagion
972 3019 1005 3083 id
1029 3021 1078 3084 est
1099 3023 1148 3084 ter
1171 3023 1328 3086 sanctum.
1349 3042 1376 3085 se

285 3176 471 3241 casanae
552 3174 788 3240 laesurae
870 3175 902 3229 ro
920 3174 1017 3229 narra
1036 3174 1079 3239 ae,
1098 3176 1130 3228 41
1202 3173 1328 3230 ranas.

82 3326 83 3330 Ν
198 3263 242 3330 aa,
260 3263 339 3347 tres.
359 3263 455 3318 uecta.
473 3265 499 3328 a,
520 3263 562 3334 rr)
616 3264 649 3319 25
668 3263 739 3318 usar.
759 3263 784 3327 e,
804 3263 819 3316 a

234 3369 380 3438 2igncrat
402 3385 434 3424 ea
456 3369 565 3438 ignoras
588 3384 656 3423 corr.
685 3368 712 3420 V
815 3368 939 3437 primitus
962 3366 988 3420 V
1072 3367 1280 3437 Bgloriflcionis
1304 3367 1334 3421 V

198 3455 301 3510 tdicit
324 3455 349 3506 V
417 3457 582 3527 5prcpheta
605 3456 630 3507 V
699 3455 820 3509 tilectus
839 3470 889 3509 om.
913 3454 939 3508 V
1007 3455 1154 3524 lipsanum
1177 3454 1237 3520 VB,
1256 3470 1328 3510 corr.

198 3542 304 3598 Fronto
317 3544 387 3599 Duc.
452 3546 484 3599 10
502 3544 572 3597 unde
584 3589 589 3600 .
601 3586 606 3598 .
617 3545 721 3598 infirma
738 3544 856 3611 sortasse
874 3544 909 3597 ab
927 3543 1072 3611 interprete
1089 3543 1189 3597 addita
1249 3543 1279 3596 ll
1295 3559 1328 3597 ex

200 3641 250 3686 om.
269 3632 297 3685 Β
351 3633 382 3686 12
402 3632 554 3702 profetaV
599 3630 755 3686 'adsunrsit
778 3631 804 3685 V
856 3632 888 3686 13
906 3634 936 3684 tn
955 3647 1017 3684 uero
1036 3647 1120 3700 usque
1138 3631 1176 3685 ad
1197 3633 1228 3686 15
1247 3631 1329 3701 spiri·

199 3721 257 3773 tum
275 3737 325 3775 orn.
344 3721 371 3773 Β
408 3721 441 3774 14
459 3721 543 3774 sclam
561 3721 668 3775 Fronto
687 3721 757 3776 Duc.
821 3719 959 3773 diuinitati
977 3719 1009 3784 V,
1027 3719 1131 3774 corraei
1176 3719 1210 3773 16
1223 3720 1330 3773 neroB

202 3808 234 3861 17
254 3825 335 3862 unum
353 3809 381 3862 Β
451 3804 595 3862 manifesta
619 3808 645 3862 V
731 3809 765 3862 20
784 3809 847 3862 etrit
870 3808 900 3870 V,
919 3808 970 3861 eris
988 3808 1016 3860 Β
1085 3824 1149 3861 num
1172 3806 1210 3862 V:
1228 3824 1280 3860 non
1299 3807 1328 3860 Β

201 3896 366 3968 passiolonis
379 3897 407 3949 Β
459 3897 730 3966 ‘didispensancione
749 3897 781 3958 V,
801 3897 998 3967 dispensatione
1010 3896 1038 3949 Β
1108 3896 1259 3950 rrranicheos
1275 3894 1329 3948 VB

201 3984 235 4040 22
251 3989 345 4039 nosue
363 3985 434 4038 salus
454 3984 543 4038 bieV
612 3995 662 4054 que
682 3985 873 4038 nmmodnt
926 3985 959 4038 23
978 3985 1102 4053 ingnorss
1119 3983 1145 4037 V
1213 3984 1284 4037 siens
1303 3982 1331 4035 V

201 4073 236 4126 24
254 4073 392 4128 ammoniti
409 4073 437 4125 Β
507 4073 541 4127 25
560 4071 586 4125 id
607 4075 648 4126 est
666 4076 708 4127 ter
726 4077 846 4127 sanctum
864 4073 921 4126 iam
941 4073 975 4126 alr
993 4073 1137 4140 interprete
1156 4072 1255 4126 addita
1270 4085 1326 4124 esse

201 4159 358 4214 crediderim
