2902 4672
156 236 196 298 12
319 227 467 282 Marcellini
485 231 513 282 et
528 226 652 281 Faustini
670 227 703 281 de
722 226 887 281 confessione
906 240 985 279 uerae
1001 223 1065 280 fidei
1082 226 1134 278 ete.

152 422 240 485 illam
263 421 477 504 apostolicam,
500 439 594 503 quam
625 418 868 496 uindicaueraut,
892 418 983 483 fidem
1012 420 1044 483 et
1066 417 1274 500 suscipientes

102 525 238 591 atillam
261 527 352 604 Arrii,
375 546 468 608 quam
489 526 740 608 reprobauerant,
762 525 965 607 impietatem.
1031 543 1131 589 noune
1150 527 1273 607 gratum

153 633 265 697 habere
288 632 471 708 debuerunt,
494 630 522 695 si
544 634 647 694 tamen
670 629 837 694 credebant
858 630 999 693 diturum
1032 629 1081 693 dei
1111 628 1273 707 iudicium,

153 739 256 803 omnia
286 737 369 802 mala
399 737 520 820 perpeti
551 755 643 819 quam
676 754 744 800 esse
776 735 963 800 uenerabilis
994 734 1066 800 fidei
1087 735 1273 817 proditores,

153 844 242 908 cuius
273 843 375 908 uirtus
408 842 508 908 sancti
540 860 663 925 quoque
694 840 859 905 Alexandri
892 841 1082 906 orationibus
1124 844 1156 905 et
1192 841 1274 906 Arrii
1302 862 1321 904 a

152 948 306 1032 supplicio
329 950 431 1013 luerat
453 948 641 1030 adprobata?
664 945 796 1011 maxime
811 965 883 1010 eum
898 949 930 1010 et
942 946 1096 1030 gloriosae
1118 947 1274 1029 passionis

151 1054 375 1136 praecessisset
397 1054 570 1135 exemplum
592 1055 669 1118 licet
690 1052 949 1134 paucissimorum
973 1053 1200 1134 episcoporum,
1220 1051 1275 1134 qui

151 1178 189 1223 ne
222 1159 436 1244 euangelicam
467 1160 732 1242 apostolicamque
768 1157 861 1222 fidem
902 1158 1064 1232 uiolarent,
1097 1177 1135 1222 ne
1167 1157 1273 1240 impiis

151 1263 396 1346 adquiescerent,
419 1284 480 1330 uon
505 1265 641 1343 exilium,
666 1283 726 1329 nou
750 1263 938 1346 supplicium
963 1281 1019 1328 nee
1038 1263 1174 1344 aliquam
1193 1268 1273 1328 atro-

99 1369 254 1434 2lcitatis
277 1373 411 1435 mortem
433 1372 667 1437 recusauerunt.
735 1365 866 1451 denique
890 1371 961 1433 ante
985 1368 1137 1453 synodum
1159 1369 1272 1433 Arimi·
1290 1389 1316 1431 ro

149 1493 278 1539 oensem
299 1476 450 1541 Paulinus
474 1476 512 1541 de
534 1476 671 1544 Triucris
694 1475 968 1541 constantissimus
991 1474 1157 1557 episcopus
1181 1474 1274 1539 datur

149 1579 181 1642 in
214 1580 340 1645 erilium
379 1581 461 1663 piam
503 1581 596 1646 fidem
631 1575 794 1660 uindicaus
831 1584 863 1645 et
898 1599 1042 1645 execrans
1079 1580 1274 1647 consortium

36 1734 39 1740 .
98 1684 358 1753 ratramnum.
425 1687 480 1752 sed
502 1690 535 1752 et
557 1688 749 1771 apostolicus
772 1687 821 1751 uir
842 1686 966 1752 Lucifer
989 1686 1026 1750 de
1050 1684 1191 1751 Sardinia
1214 1685 1272 1751 (ia-

148 1788 296 1857 ralitanae
319 1792 457 1858 ciuitatis
481 1793 647 1876 episcopus
672 1794 710 1858 ob
738 1793 808 1870 hoe,
832 1791 915 1875 quod
936 1792 1015 1856 bene
1039 1794 1123 1856 esset
1144 1791 1271 1876 agnitus

148 1917 203 1980 per
233 1900 445 1981 contemptum
478 1899 604 1977 saeculi,
635 1918 690 1981 per
721 1898 861 1963 studium
893 1916 1049 1962 saeramm
1083 1897 1270 1977 litterarum,
1287 1909 1313 1954 ιδ

148 2022 203 2085 per
224 2003 308 2067 uitae
330 2004 509 2086 puritatem,
539 2022 594 2085 per
616 2003 823 2069 constantiam
844 2002 928 2081 fidoi,
960 2022 1015 2086 por
1036 2001 1168 2087 gratiam
1192 2003 1270 2068 diui·

149 2127 230 2184 nam,
254 2103 272 2171 e
293 2109 432 2173 Romana
455 2109 588 2174 ecclesia
614 2108 732 2173 missus
764 2110 812 2173 est
833 2110 957 2192 legatus
989 2108 1027 2173 ad
1051 2107 1270 2173 Constantium

149 2216 183 2277 et
204 2214 242 2278 ob
264 2214 334 2292 hoe,
357 2214 440 2298 quod
462 2215 554 2279 fidem
585 2214 794 2279 uenerabilem
825 2213 1007 2293 uindicauit,
1023 2207 1122 2295 'quod
1155 2213 1271 2279 deterit

150 2322 182 2383 et
204 2319 343 2385 conuicit
363 2321 546 2399 haereticos,
570 2321 683 2386 ductus
706 2321 807 2386 estin
830 2321 957 2386 exilium
989 2339 1060 2386 curu
1084 2319 1168 2384 omni
1190 2322 1269 2385 atro·

97 2432 139 2498 23
150 2425 244 2491 eitate
265 2426 455 2493 iniuriarum.
523 2428 666 2493 similiter
688 2430 720 2493 et
740 2427 897 2493 Eusebius
920 2446 938 2491 a
959 2426 1110 2492 Uercellis
1133 2445 1189 2491 uec
1208 2444 1267 2491 uon
1284 2439 1313 2482 lo

150 2532 182 2594 et
203 2530 373 2614 Dionysius
395 2529 686 2609 Mediolanensium,
719 2530 901 2597 Constantio
923 2532 990 2616 regi
1020 2532 1156 2616 primunr
1179 2529 1267 2594 fami-

148 2635 244 2715 liaris,
267 2655 339 2700 cunr
362 2638 463 2703 adhuc
484 2638 641 2722 ignoraret
663 2657 734 2702 eum
756 2637 909 2703 fautorem
936 2656 1004 2704 esse
1026 2636 1279 2714 haereticoruma

148 2743 258 2823 postea
279 2744 383 2806 tamen
406 2762 499 2826 quarn
522 2743 551 2808 ei
573 2743 733 2827 cognitum
761 2750 810 2808 ost
832 2745 864 2808 ot
884 2745 1060 2826 probatum,
1090 2744 1174 2826 quod
1196 2745 1267 2809 hae-

147 2846 259 2912 reticos
283 2847 465 2924 uindicaret,
488 2848 610 2932 respuit
630 2849 713 2933 regis
735 2848 863 2931 impiam
877 2847 1130 2928 lamiliarltetem,
1146 2851 1267 2922 malens

148 2952 285 3031 erilium,
307 2973 345 3017 ne
368 2953 486 3019 Christi
508 2954 558 3019 dei
580 2953 749 3024 amicitiam
763 2954 914 3037 perderet,
933 2973 971 3019 ne
995 2957 1173 3019 sanctorum
1196 2973 1266 3020 con·
1283 2966 1310 3009 τῦ

97 3065 138 3128 24
148 3058 280 3122 sortium
303 3077 363 3124 non
386 3059 524 3125 haberet.
563 3065 566 3072 '
590 3059 645 3124 sed
676 3061 709 3123 et
737 3059 896 3124 Rodanius
927 3060 1064 3125 mittitur
1084 3059 1116 3123 iu
1140 3059 1266 3124 erilium

147 3181 204 3227 nec
226 3183 286 3229 non
310 3168 343 3229 et
364 3165 514 3244 Hilarius,
546 3166 601 3249 qui
631 3165 726 3231 etiam
758 3166 874 3248 scripta
907 3168 1013 3231 eontra
1038 3165 1211 3231 haereticos
1235 3168 1267 3230 et

146 3269 407 3351 praeuaricatores
445 3270 551 3348 edidit,
574 3270 649 3335 licet
678 3274 789 3355 postea
818 3289 892 3335 uero
924 3271 1123 3353 interruperit
1157 3271 1265 3336 fauens

147 3373 457 3455 praeuaricatoribus,
471 3381 507 3439 ut
524 3394 584 3440 uon
604 3374 743 3440 dieamus
761 3375 896 3454 interim,
911 3376 984 3457 quia
1001 3377 1023 3459 †
1038 3376 1094 3440 ubi
1111 3378 1144 3440 et
1160 3377 1264 3442 heere·

183 3743 297 3798 5uirtus
311 3741 348 3798 V:
360 3744 459 3798 ueritas
469 3743 548 3801 Sirm.
590 3746 724 3816 lquinec
739 3746 770 3811 V,
784 3761 849 3802 corr.
864 3745 890 3818 ρ2
936 3746 1085 3800 atrocitatis
1098 3749 1208 3801 mortem
1227 3746 1262 3800 V:

147 3831 240 3884 mortis
258 3825 425 3885 atrocitatem
443 3832 523 3887 Siron.
583 3834 615 3886 lt
634 3850 735 3888 sacrum
759 3834 790 3898 V,
809 3849 877 3890 corr.
896 3833 976 3888 Sirm.
1030 3835 1062 3888 21
1088 3835 1216 3889 dionisius
1239 3833 1265 3887 V

146 3922 181 3974 25
204 3920 335 3973 amicitias
362 3919 393 3981 V,
417 3933 523 3991 eoru'p
611 3921 645 3974 29
668 3922 714 3974 ubi
737 3925 764 3976 et
787 3927 910 3990 corrupte
936 3922 973 3975 V:
999 3921 1069 3976 lauit
1094 3923 1261 3986 Marcellino,

149 4000 325 4061 Commeatum
338 4006 455 4076 Neapol.
468 4008 582 4063 Kalend
599 4025 628 4077 p.
646 4012 717 4076 576;
733 4009 840 4064 interim
853 4008 1021 4065 (haereticis)
1035 4012 1097 4082 quia
1115 4011 1160 4065 ubi
1173 4010 1261 4081 <pree-

145 4093 338 4148 uaricatoribus
360 4094 414 4149 ibi>
427 4100 455 4150 et
472 4096 612 4151 haereticis
631 4096 716 4151 editor
736 4096 894 4152 oxoniensis
