2904 4672
560 269 646 338 Epist.
663 268 800 323 Lxxxur
821 269 967 323 159-164.

619 469 780 543 Capitulum
803 469 902 528 XLVI.

243 577 362 648 Quando
391 578 443 635 erit
470 577 597 650 quaestio
626 578 660 634 de
688 575 887 634 natiuitatibns
915 576 1071 633 seeundum
1098 577 1240 644 naturam,
1270 592 1323 634 neo

197 667 304 725 Mariae
336 666 411 724 filius
445 667 515 723 deus
546 666 664 723 uerbum
700 664 889 722 existimetur:
922 663 1051 722 mortalis
1079 664 1154 724 enim
1176 663 1322 722 mortalem

197 758 317 830 generat
343 757 499 815 seeundum
527 753 657 812 naturam
682 756 710 810 et
733 770 835 825 eorpus
862 752 953 810 simile
977 752 1041 822 sibi,
1067 755 1095 810 et
1118 753 1189 811 duas
1216 753 1321 811 natiui-

166 859 180 898 s
197 847 274 902 tatas
292 845 362 901 deus
381 845 499 902 uerbum
513 860 570 901 non
587 842 731 907 sustinuit,
748 859 832 899 unam
852 842 966 915 quidem
980 845 1046 899 ante
1062 843 1187 913 saecula,
1204 843 1322 900 alteram

197 936 292 992 antem
314 932 344 990 in
367 931 571 1006 posterioribus
594 931 779 1003 temporibus.
1004 942 1005 945 ’

240 1034 276 1098 In
304 1053 398 1114 supra
424 1033 540 1114 soripto
573 1033 808 1116 quadragesimo
842 1034 926 1096 sexto
960 1031 1097 1114 capitulo
1131 1031 1254 1110 dieitur,
1286 1034 1323 1096 nt
1349 1024 1411 1088 163

196 1139 314 1203 Mariae
342 1139 425 1203 iilius
459 1139 535 1203 deus
567 1138 697 1204 uerbum
730 1157 788 1204 non
822 1139 1025 1212 existimetur,
1059 1133 1218 1201 adiciendo
1251 1138 1324 1218 quia

195 1246 337 1310 mortalis
360 1245 523 1309 mortalem
543 1256 670 1328 generat
689 1244 858 1311 seeundum
878 1247 1019 1307 naturam
1039 1249 1070 1306 et
1089 1261 1201 1323 eorpus
1221 1243 1323 1307 simile

152 1373 178 1411 ro
197 1352 273 1416 sibi:
299 1370 377 1434 qnae
400 1350 496 1415 uerba
519 1354 551 1415 et
572 1369 686 1434 purum
708 1349 866 1414 hominem
891 1349 927 1413 de
951 1352 1059 1413 saneta
1080 1349 1203 1432 uirgine
1225 1349 1325 1412 Maria

197 1457 375 1541 significant
402 1460 433 1521 et
461 1457 539 1522 diros
561 1456 644 1521 filios
667 1456 878 1521 introducunt.
903 1455 957 1538 qui
980 1475 1052 1538 ergo
1075 1456 1152 1519 haee
1174 1455 1220 1519 ita
1243 1455 1325 1538 sapit

197 1560 289 1625 docet
311 1561 410 1625 eredit
433 1565 487 1625 aut
509 1561 676 1644 praedicat,
701 1562 864 1625 anathema
887 1561 938 1624 sit.

612 1756 772 1830 Capitulum
795 1757 909 1818 XLVII.
1348 1759 1411 1823 164

241 1864 317 1936 Ergo
339 1863 396 1921 iam
421 1864 575 1922 cessabunt
598 1864 633 1921 ab
656 1862 820 1936 impudente
843 1879 950 1936 pugna,
971 1863 1111 1921 desistent
1134 1868 1228 1922 antem
1247 1882 1324 1922 uana

131 1967 177 2008 ‘rs
197 1952 379 2011 contentione
403 1952 604 2010 erubescentes
628 1951 800 2010 euidentiam
822 1952 1050 2025 praediotomm:
1082 1951 1219 2026 plurimos
1247 1953 1321 2011 enim

197 2040 267 2098 dicit
298 2040 371 2098 tilios
398 2039 428 2098 in
456 2039 575 2113 gloriam
604 2041 764 2099 dueentem.
793 2057 859 2099 eece
881 2041 970 2115 igitur
992 2039 1022 2097 in
1045 2040 1189 2100 filiationis
1213 2043 1321 2103 ratione

285 2227 298 2279 l
325 2223 388 2294 Gap.
411 2223 497 2278 XLVI
516 2249 549 2269 =
568 2225 626 2279 Act.
651 2225 713 2294 Syn.
736 2225 784 2279 45:
808 2225 947 2280 ‘Eiusdem
975 2225 1110 2279 Theodori
1132 2241 1164 2280 eu
1187 2225 1230 2279 bia
1253 2243 1323 2294 quoe

193 2313 331 2381 refutauit
346 2318 459 2374 sonetur
480 2311 608 2382 Curittus’
630 2313 657 2366 0.
678 2314 760 2366 etiam
779 2313 845 2367 haec
864 2330 922 2367 esse
940 2313 1053 2367 Diodori
1072 2331 1102 2367 ex
1120 2313 1188 2367 libro
1203 2314 1217 2367 Ι
1231 2318 1322 2368 contra

194 2401 359 2470 synusiastas
382 2400 453 2453 idem
480 2404 597 2454 testatur
616 2401 754 2460 Leontius.
774 2403 848 2455 euius
871 2401 959 2455 uersio
979 2403 1076 2456 Latina
1095 2403 1165 2472 apud
1184 2401 1321 2458 canisium

195 2492 223 2554 (l.
243 2507 265 2546 e.
285 2491 329 2550 99)
349 2491 423 2543 extat
445 2488 523 2543 haec:
547 2490 587 2543 Et
609 2489 720 2556 quando
739 2490 771 2543 rte
791 2490 1011 2559 promotionibus
1028 2492 1174 2545 seeundum
1190 2497 1322 2546 noturoin

192 2579 277 2646 suerit
294 2594 387 2644 serino,
405 2593 439 2631 ne
456 2578 532 2645 filios
549 2577 663 2631 Mariae
676 2583 789 2644 putetur·
802 2577 867 2630 deus
880 2578 1004 2631 uerbum:
1022 2579 1147 2631 mortalis
1164 2581 1233 2633 enirn
1252 2597 1320 2634 mor.

194 2667 276 2720 talem
296 2671 406 2736 pennot
429 2665 575 2720 secundom
597 2672 728 2720 notorum
750 2672 776 2719 et
798 2681 895 2733 eorpus
910 2672 1021 2734 penerot
1038 2667 1277 2732 consubstantiale,
1296 2668 1322 2722 ei

193 2755 265 2808 duos
288 2754 473 2824 uenerationis
500 2753 565 2806 deus
590 2754 702 2807 uerbum
727 2769 785 2808 non
808 2754 985 2818 substinebot‚
1008 2772 1092 2809 unam
1116 2762 1180 2810 onte
1200 2758 1320 2820 soeculo,

194 2845 309 2897 alterurn
329 2841 525 2909 posterioribus
547 2841 716 2909 tenporibus.
807 2843 839 2896 13
859 2840 922 2910 Cap.
942 2842 1041 2896 XLVII
1059 2867 1093 2890 =
1113 2845 1171 2898 Act.
1191 2846 1253 2915 Syn.
1272 2847 1319 2900 46:

193 2930 333 2984 ‘Eiusdem
359 2931 406 2996 (se.
434 2928 576 2994 Theodori)
605 2945 638 2983 eo
663 2929 886 2996 interpretatione
913 2930 1044 2998 epistoloe'
1069 2932 1108 2984 od
1128 2932 1261 2987 Etroeos’
1287 2934 1321 3000 0,·

193 3021 273 3072 immo
293 3021 356 3070 sunt
374 3017 508 3070 Theodori
528 3018 560 3070 de
579 3018 762 3071 incarnatione
780 3018 843 3072 libri
856 3018 916 3083 XII,
930 3023 962 3072 ut
980 3019 1058 3073 docet
1071 3020 1200 3075 Leontius
1212 3023 1320 3093 (Script,

192 3106 542 3169 uet.nou.ooll.V1306,
563 3107 616 3174 14),
637 3107 682 3176 qui
705 3108 825 3160 seruauit
848 3106 960 3161 Graeca:
988 3103 1053 3179 Ἆρα
1075 3107 1215 3162 παύσονται
1232 3109 1319 3164 λοιπὸν

192 3203 240 3266 τῆς
266 3193 433 3264 ἀναισχύντου
459 3193 554 3266 μάχης,
581 3193 770 3265 ἀποστήσονται
796 3193 822 3247 δέ
846 3193 934 3249 λαεπὸν
959 3203 1007 3267 τῆς
1032 3195 1143 3267 ματαίας
1166 3179 1334 3268 φιλονεικίαςι

192 3282 355 3345 αἰδεσθέντες
373 3289 425 3334 τῶν
444 3281 584 3353 εἰρημένων
603 3283 631 3335 τὸ
650 3281 791 3353 προφανές,
811 3283 921 3347 πολλοὺς
938 3283 987 3354 γάρ
1006 3302 1084 3355 φησιν
1103 3283 1173 3348 υἱοὺς
1192 3285 1228 3346 εἰς
1243 3284 1319 3347 δόξαν

192 3370 328 3441 ἀγαγόντα·
347 3369 401 3422 ’riob
425 3369 507 3424 τοίνυν
531 3370 558 3423 ἓν
581 3375 616 3442 τῷ
639 3379 688 3442 τῆς
711 3369 828 3443 υἱότητας
846 3371 914 3444 λόγῳ
933 3373 976 3426 καὶ
994 3373 1205 3445 αυγκατατάττων
1225 3363 1239 3425 t
1258 3373 1319 3426 ἀτό-

191 3457 283 3521 στολας
306 3456 421 3528 φαίνεται
442 3461 485 3513 τὸν
509 3459 695 3540 ἀναληφθέντα
714 3458 852 3530 ἄνθρωπον
875 3467 928 3524 ταῖς
947 3460 1050 3524 πολλοῖς
1069 3459 1099 3513 οὐ
1118 3454 1185 3512 καθ’
1199 3459 1319 3534 ὁμοίωσιν

191 3544 295 3612 ἐκείνοις
314 3553 362 3617 τῆς
380 3543 496 3618 alienior
515 3545 629 3616 μετέχων
649 3545 716 3599 ἀλλὰ
733 3548 801 3599 καθ’·
815 3546 934 3618 ὁμοίωσιν
954 3542 1021 3600 καθ’
1035 3546 1049 3601 ὃ
1061 3547 1146 3622 χάριτι
1163 3549 1318 3622 repositisque

190 3633 238 3703 τὴν
257 3631 369 3705 alienior,
387 3640 433 3704 τῆς
452 3633 580 3706 θεότητος
598 3633 680 3706 μόνης
698 3636 744 3706 τὴν
765 3637 873 3707 φυσικὴν
897 3635 1001 3708 otientur
1025 3639 1193 3710 κεκτημένης.
1221 3639 1319 3693 Latina

190 3721 307 3789 repetita
329 3727 392 3774 sunt
416 3723 444 3775 in
468 3722 586 3777 eiusdem
611 3725 719 3792 quintae
743 3725 836 3795 synodi
859 3727 1101 3792 corbionensi
1123 3727 1161 3781 IX
1179 3728 1252 3795 ⁴236),
1272 3728 1318 3781 ubi

191 3806 319 3947 {tyrillum
346 3826 378 3863 ea
404 3810 537 3865 refutasse
565 3813 740 3880 comperimus
763 3815 790 3866 in
811 3814 880 3868 libro
904 3818 997 3869 eontra
1015 3815 1182 3870 Theodorum
1205 3818 1234 3870 et
1252 3816 1317 3869 Dio-

210 3912 283 3947 orum
302 3896 338 3950 II.

226 3991 242 4042 2
261 4008 294 4044 ne
312 3993 394 4062 uutpo
465 3996 481 4048 5
500 3995 614 4048 alterum
632 3996 658 4048 V
715 3999 747 4051 14
766 4016 836 4052 uana
859 3993 929 4053 '0¹0³
946 4002 982 4067 iet
1003 3998 1035 4053 0¹
1053 4000 1085 4054 in
1102 4000 1163 4056 ooli.
1187 4003 1211 4064 5,
1232 4016 1317 4054 uanae

189 4078 255 4132 ibid.
277 4079 334 4147 0³):
355 4098 408 4134 una
430 4081 460 4145 V,
481 4081 513 4135 de
533 4100 602 4137 uana
623 4082 657 4138 0²
725 4089 756 4141 16
775 4088 879 4141 ratione
897 4087 996 4143 Sunius
1014 4093 1039 4142 et
1056 4089 1097 4143 sie
1116 4089 1186 4143 Cin
1203 4088 1265 4143 oolt.
1286 4091 1317 4142 5:

189 4167 321 4221 rationem
343 4167 411 4233 1⁷0¹,
430 4171 583 4224 narratione
604 4172 638 4224 (12

1216 4282 1264 4336 18*
