2904 4672
535 234 623 304 Epist.
641 231 669 286 11
688 233 801 288 94-99.
1196 237 1236 299 35

109 429 287 513 dissiparet,
315 428 666 494 91911911919191199
694 427 834 492 ciuitatis
862 430 894 491 et
922 428 1053 512 gemitu,
1078 428 1161 510 quod
1183 429 1239 495 illa

110 536 252 620 99919919
274 537 476 612 auerteretur,
504 533 594 599 ouius
626 533 810 616 episcopum
842 533 935 598 etiam
968 534 1109 599 diuersae
1139 537 1237 617 partis

108 642 252 708 homines
275 644 379 706 rectae
402 643 435 705 91
450 640 590 705 illibatae
608 639 682 704 fidei
700 639 896 705 confitentur.
965 640 1127 720 aduertite,
1146 662 1237 725 quae·
1248 644 1289 708 97

110 767 231 825 sumus,
250 747 387 830 piissimi
409 747 613 829 imperatores
634 748 784 810 91199199
807 745 881 809 fidei
902 746 1063 811 uindices:
1086 750 1239 832 numquid

78 871 165 936 apro
196 856 262 918 tam
293 851 400 936 impiis
424 851 580 936 episcopis
605 851 707 917 edicta
728 851 912 934 proponitis,
935 855 972 915 ut
994 852 1028 915 hi
1051 853 1237 938 affligantur,

111 959 165 1041 qui
188 960 227 1024 ob
251 958 400 1024 moritum
422 957 495 1023 fidei
517 961 549 1021 et
572 957 788 1022 sanctissimae
811 957 896 1022 uitae
918 959 1035 1024 mundo
1058 959 1127 1042 ipso
1145 962 1239 1044 preti·

111 1065 229 1129 osiores
248 1067 347 1129 sunt?
371 1064 497 1142 credite,
515 1063 748 1148 religiosissimi
765 1063 978 1144 imperatores,
997 1065 1124 1129 beatum
1143 1067 1239 1132 Hera·

72 1203 76 1209 ·
111 1170 226 1250 olidam
249 1190 346 1235 unum
371 1179 441 1234 9999
464 1170 501 1234 de
524 1169 579 1234 illo
604 1188 732 1234 nurnero
751 1171 941 1246 sanctorum,
957 1170 994 1234 de
1014 1171 1129 1252 quibus
1146 1173 1241 1238 refert

112 1278 268 1361 scriptura
309 1275 416 1341 diuina
456 1274 584 1341 dicens:
626 1275 879 1339 circuierunt
917 1276 955 1339 in
996 1277 1160 1343 melotis
1201 1281 1240 1343 91

63 1407 92 1448 ro
113 1383 292 1467 caprinis
324 1383 515 1465 pellibus,
547 1382 793 1466 indigentes,
825 1382 862 1445 in
894 1381 1238 1451 tribulationibus

113 1492 152 1554 91
192 1489 402 1554 doloribus
445 1488 619 1565 afflicti3
662 1507 826 1570 quorum
862 1506 935 1552 non
974 1491 1058 1554 erat
1093 1489 1237 1574 dignus

111 1594 292 1661 mundus.
361 1595 517 1678 quomodo
546 1595 627 1658 enim
655 1595 766 1658 beatus
794 1593 960 1659 Heraclida
986 1614 1047 1660 non
1078 1595 1151 1660 talis
1179 1600 1237 1676 991,
1248 1596 1290 1661 98

113 1699 166 1785 qui
190 1698 293 1763 omnia
321 1699 493 1764 saecularia
518 1718 668 1783 respuens
692 1698 923 1764 oblectamenta
944 1717 1000 1781 per
1019 1699 1106 1781 ipsas
1129 1702 1239 1766 amari·

111 1804 237 1869 tudines
265 1803 464 1888 confragosae
491 1805 576 1869 uitae
602 1804 697 1869 istius
725 1806 885 1869 aemulans
917 1804 1072 1870 dominica
1102 1807 1240 1892 uestigia

63 1936 92 1978 rs
111 1910 215 1975 nudus
241 1909 467 1992 expeditusque
494 1910 648 1974 uirtutum
675 1910 736 1974 iter
762 1911 898 1975 salutare
930 1913 1078 1990 99919191,
1107 1901 1161 1994 qui
1192 1901 1239 1978 919

111 2036 167 2099 pro
195 2016 320 2082 diuinae
346 2016 420 2082 fidei
449 2036 554 2082 amore
582 2017 748 2099 conspirat,
772 2016 868 2082 sicuti
895 2019 928 2081 et
950 2019 1075 2083 sanctos
1101 2018 1238 2102 legimus

112 2123 319 2205 conspirasse,
342 2123 422 2187 nibil
444 2123 560 2188 habens
589 2123 626 2187 de
654 2124 779 2187 saeculo
807 2142 900 2206 quam
927 2141 982 2206 pro
1005 2123 1066 2188 lide
1083 2123 1239 2190 tribulati-

114 2248 190 2294 ones
215 2232 248 2308 et
269 2229 402 2309 dolores,
427 2230 472 2295 919
494 2229 617 2304 niuens,
641 2229 687 2293 sic
708 2229 866 2304 incedens,
891 2227 986 2295 sicuti
1009 2234 1042 2294 91
1062 2229 1109 2293 illi
1128 2231 1238 2309 sancti,

113 2334 151 2399 de
181 2334 297 2417 quibus
331 2354 424 2418 supra
454 2335 594 2417 positum
627 2339 676 2399 est
702 2333 945 2399 testimonium?
973 2335 1083 2401 merito
1112 2340 1240 2420 ergoet

62 2466 93 2505 2⁰
112 2440 224 2504 beatus
245 2440 415 2525 Gregorius
438 2439 595 2522 ceterique
619 2438 720 2505 sancti
741 2438 882 2522 episcopi
904 2439 1128 2505 sanctimoniae
1144 2441 1238 2506 istius

113 2545 286 2628 nene'rabili
322 2546 482 2611 consortio.
513 2546 545 2611 in
580 2549 630 2610 tot
664 2545 757 2610 malis
794 2544 927 2610 afflictae
965 2546 1115 2611 eeclesiae
1150 2549 1240 2612 uelut

114 2651 375 2727 diuinissolstiis
398 2653 586 2716 releuantur.
664 2671 726 2716 non
749 2653 853 2716 solum
877 2655 981 2716 autem
1004 2652 1037 2716 in
1059 2656 1124 2718 tam
1146 2656 1305 2720 uene-99>

113 2755 244 2820 rabilem
266 2756 449 2839 episcopum
477 2759 639 2841 grassatus
668 2760 718 2822 ost
739 2756 920 2821 Theodorus
949 2755 1004 2821 sed
1031 2757 1116 2822 etin
1138 2757 1239 2841 ipsam

114 2862 345 2926 sanctissimam
369 2862 492 2944 plebem
516 2863 594 2939 eius,
614 2881 692 2944 quae
714 2880 768 2944 pro
790 2861 997 2938 sincerissimi
1014 2867 1046 2929 et
1063 2864 1240 2930 fidelissimi

62 2999 95 3040 25
114 2967 286 3032 sacerdotis
318 2967 458 3033 doctrina
490 2971 522 3032 et
552 2968 691 3032 moribus
721 2967 868 3031 instituta
895 2970 953 3033 991.
986 2973 1017 3033 91
1038 2971 1169 3054 longum
1192 2974 1241 3035 991

113 3071 231 3151 referri,
250 3092 329 3155 qnae
349 3075 455 3137 contra
471 3073 622 3155 pudorem
644 3072 881 3156 propositumuo
904 3091 1060 3138 sacrarum
1082 3076 1240 3160 uirginum

114 3178 245 3263 molitus
260 3181 318 3256 est,
333 3197 463 3261 quarum
482 3177 671 3242 monasteria
688 3197 743 3259 pro
762 3177 873 3242 merito
893 3179 1115 3246 sanctimoniae
1134 3200 1238 3246 earnm

203 3387 219 3442 9
237 3387 318 3442 Hebr.
339 3388 381 3452 11,
400 3387 433 3442 37
452 3403 492 3456 sq.

29 3503 42 3518 ·
150 3499 383 3555 299919191917
432 3501 503 3570 parti
521 3500 546 3551 (1)
600 3500 750 3556 3119191919
763 3521 799 3572 ap
852 3500 916 3554 fidei
934 3515 985 3555 om.
1003 3498 1029 3550 Φ
1083 3499 1198 3554 auertite
1216 3498 1242 3552 V

113 3591 221 3644 419919
245 3589 312 3660 ch,
330 3589 413 3644 119199
430 3608 447 3641 κ
510 3589 584 3644 5hii
602 3589 735 3659 adfligant
751 3588 777 3640 Φ
839 3589 977 3644 6111911119
995 3587 1021 3639 Φ
1085 3587 1274 3658 lheracly*¹

115 3678 177 3733 darn
200 3676 231 3743 V,
250 3677 392 3732 eraclidarrr
411 3696 436 3747 p,
455 3676 616 3732 heraclidem
633 3696 649 3728 9
699 3677 791 3732 89999
809 3694 897 3749 onap
951 3677 1013 3730 919
1033 3692 1082 3730 om.
1096 3675 1128 3727 ,Φ
1181 3691 1238 3729 me·

114 3767 195 3820 lotias
206 3785 230 3830 9,
247 3766 416 3831 1991911999,
433 3767 588 3837 malacisso
625 3766 656 3821 11
671 3783 781 3836 qnorum
795 3782 849 3820 non
863 3768 921 3820 erat
933 3755 1238 3832 99919199(1)991919119

116 3855 291 3925 (salutarique
304 3857 332 3925 φ)
346 3859 513 3910 sacramenta
523 3854 641 3909 fidolium
656 3860 702 3908 919.
716 3857 790 3924 (pop.
807 3858 854 3919 37,
871 3858 898 3923 9)
913 3855 938 3906 Φ
953 3853 1059 3909 omissas
1074 3848 1249 3907 intermediis

117 3945 150 3998 12
167 3944 327 4015 heraclydllb'
349 3943 374 3998 V
459 3960 513 3997 non
530 3942 594 3997 talis
613 3941 653 3995 bis
670 3943 779 4011 scripsit
800 3941 832 4007 V,
851 3958 920 3998 corr.
939 3959 953 3993 9
1044 3940 1077 3996 16
1100 3939 1179 3994 sicuti
1198 3938 1239 3993 bis

114 4031 224 4100 scripsit
245 4030 277 4098 V,
296 4046 396 4086 corno
450 4046 508 4084 scos
527 4033 591 4099 (pro
610 4025 677 4098 edos)
702 4030 728 4083 V
766 4031 800 4085 23
819 4030 998 4085 crassatnsV
1034 4016 1241 4099 9491999997

115 4119 300 4174 assecretem
323 4119 355 4184 V,
374 4134 440 4173 corr.
459 4118 539 4174 Siros.

1135 4222 1166 4276 3*
