2904 4672
166 249 208 313 64
313 245 355 300 De
372 245 415 298 his
434 261 501 314 quae
518 244 589 298 inter
605 243 771 298 Bonifatium
789 246 817 296 et
834 242 967 297 Eulalium
986 244 1064 312 gesta
1082 244 1146 295 sunt

165 439 265 523 plebis
294 439 467 517 obsederat,
495 439 591 503 altero
621 437 670 503 dic
698 437 737 502 ad
764 438 891 502 eandem
920 436 1093 515 ecclesiam,
1122 436 1178 501 ubi
1200 436 1286 520 prius

165 546 202 611 ab
236 545 379 610 omnibus
415 545 517 609 fuerat
551 544 768 621 constitutum,
803 543 911 608 habita
946 543 1082 608 omnium
1119 543 1286 608 collatione

165 651 399 734 properauimus
416 650 522 733 ibique
543 650 728 733 participato
752 668 822 714 cum
847 649 1020 714 Christiana
1037 649 1127 733 plebe
1147 649 1287 727 consilio,

121 753 141 816 3
166 777 258 840 quem
285 757 362 822 deus
388 755 493 833 iussit,
516 757 678 840 elegimus.
745 775 816 821 nam
839 755 1049 821 uenerabilem
1070 755 1175 819 uirum
1196 755 1288 821 Boni-

164 864 286 940 fatium,
313 865 450 927 ueterem
477 862 694 945 presbyterum
720 863 752 926 in
779 863 849 946 lege
881 862 1097 930 doctissimum
1130 880 1166 926 uc
1198 862 1287 926 bonis
1314 879 1324 916 ⁵

164 969 304 1034 moribus
331 968 566 1052 comprobatum
589 971 630 1046 et,
655 968 737 1050 quod
760 987 832 1033 eum
855 969 955 1051 magis
980 967 1117 1047 ornabat,
1138 967 1286 1045 inuitum,

60 1087 62 1091 ’
165 1074 387 1139 acclamatione
422 1073 520 1138 totius
556 1073 665 1156 populi
700 1076 732 1138 et
768 1092 920 1139 consensu
951 1074 1116 1140 meliorum
1148 1073 1287 1138 ciuitatis

81 1234 83 1239 .
165 1179 350 1244 asciuimus:
396 1177 519 1243 diuinae
558 1177 765 1245 institutionis
807 1178 911 1242 ordine
952 1181 1179 1254 consecratum;
1217 1197 1287 1242 nam

166 1284 434 1352 subscribentibus
452 1285 525 1366 plus
544 1284 647 1348 minus
666 1285 868 1368 septuaginta
889 1285 1088 1368 presbyteris,
1113 1284 1288 1348 astantibus

165 1411 278 1458 nouem
297 1390 488 1455 diuersarum
507 1389 737 1473 prouinciarum
760 1390 915 1473 episcopis
939 1389 1184 1455 benedictionem
1207 1408 1288 1455 com·
1305 1408 1327 1447 11

165 1497 281 1582 petent'
301 1499 441 1579 tempore
460 1497 583 1560 constat
599 1495 699 1561 fuisse
726 1496 912 1561 celebratam
936 1515 972 1560 ac
990 1498 1062 1578 post
1080 1495 1192 1574 omnia,
1212 1514 1289 1578 quae

121 1602 358 1667 4sollemnitas
395 1601 546 1685 exigebat,
578 1602 707 1685 impleta
738 1604 821 1666 sunt.
881 1601 937 1667 sed
968 1622 1040 1666 cum
1071 1621 1165 1685 supra
1188 1601 1289 1667 dictus

165 1706 317 1784 llulalius,
346 1705 400 1787 qui
427 1708 498 1770 ante
525 1725 580 1789 per
606 1708 670 1771 tres
700 1706 936 1771 consacerdotes
968 1709 1091 1771 nostros
1122 1707 1225 1772 fuerat
1256 1727 1290 1772 er

165 1813 336 1878 multorum
364 1811 549 1877 auctoritate
579 1815 761 1890 conuentus,
789 1831 826 1877 ne
850 1812 926 1896 quid
949 1813 1010 1878 sibi
1031 1815 1147 1878 temere
1170 1816 1291 1896 praeter

166 1918 388 1984 conscientiam
406 1917 481 1982 oleri
498 1917 624 1983 maioris
644 1923 825 1995 assumeret,
845 1919 1068 1984 circumuentis
1091 1919 1291 2002 paucissimis
1308 1935 1330 1975 u

164 2023 364 2106 presbyteris,
383 2023 464 2088 male
484 2022 621 2105 acceptis
639 2022 688 2087 his
708 2041 743 2086 ac
762 2022 902 2087 diuersae
922 2022 1082 2088 custodiae
1095 2024 1291 2106 mancipatis,

165 2129 219 2212 qui
238 2128 277 2193 ad
295 2129 522 2211 prohibendum
541 2145 611 2193 cunr
630 2127 745 2192 litteris
764 2133 922 2208 uenerant,
943 2129 1078 2194 exhibito
1103 2129 1197 2194 etiam
1221 2149 1292 2194 curu

165 2234 234 2298 aliis
259 2232 397 2299 Ostiensi
421 2234 577 2318 episcopo,
597 2253 689 2316 quem
711 2252 806 2317 prope
829 2239 988 2300 mortuum
1012 2237 1134 2299 constat
1158 2235 1292 2312 accitum

164 2341 249 2423 (nam
267 2343 403 2407 tractum
422 2359 491 2406 esse
510 2341 667 2405 nolentem
687 2339 770 2404 senis
790 2339 951 2423 aegritudo
965 2341 1123 2423 testatur),
1141 2340 1173 2404 in
1187 2341 1293 2405 locum

165 2446 312 2511 sibinen
340 2446 481 2512 debitum
507 2445 697 2511 incustodito
726 2445 886 2528 religionis
914 2445 1020 2510 ordine
1052 2465 1107 2529 per
1138 2446 1291 2511 ambitum
1308 2463 1331 2503 u

163 2553 349 2635 proruisset:
373 2553 476 2637 coepit
492 2554 611 2618 factum
630 2572 723 2618 suum
741 2544 799 2635 per
814 2551 955 2616 homiues
974 2551 1156 2635 disciplinae
1174 2551 1292 2618 inscios

165 2676 200 2722 ac
220 2657 383 2743 religionis
405 2659 531 2742 ignaros
553 2657 732 2724 indecenter
752 2657 844 2734 tueri,
869 2658 1038 2723 aestimans
1060 2657 1204 2722 humanis
1228 2677 1293 2741 pcr-

122 2763 395 2828 5turbationibus
423 2783 457 2828 se
486 2763 672 2829 confundere
704 2763 889 2829 sententiam
921 2782 1013 2844 posse
1045 2763 1194 2827 diuinam.
1263 2766 1294 2827 et

165 2869 310 2951 quoniam
329 2865 527 2934 clementiam
546 2873 685 2934 uestram
705 2871 829 2934 constat
845 2868 989 2934 falsidica
1010 2868 1160 2934 relatione
1185 2868 1293 2952 decep

165 2977 240 3052 tam,
263 2977 299 3039 ut
321 2975 427 3040 nescio
450 2975 526 3058 quid
548 2976 580 3041 iu
602 2976 746 3040 iniuriam
770 2975 870 3040 diuini
893 2975 1000 3039 iudicii
1023 2975 1184 3039 sanciretis
1207 2976 1293 3058 (nam
1309 2987 1332 3029 ²⁵

166 3080 307 3147 diuinum
335 3083 398 3158 est,
426 3080 575 3164 quioquid
607 3085 765 3146 tantorum
794 3080 956 3146 confirmat
987 3080 1123 3163 electio),
1154 3080 1292 3163 petimus

166 3187 315 3268 pietatem
332 3188 481 3265 uestram,
500 3189 537 3251 ut
551 3187 714 3253 remoueri
735 3187 837 3270 priora
856 3187 1028 3252 constituta
1044 3186 1180 3252 iubentis
1200 3189 1293 3270 atque

165 3291 335 3370 llulalium,
371 3292 426 3374 qui
460 3293 493 3356 in
527 3294 632 3358 locum
669 3293 829 3374 subrepsit
860 3293 1005 3371 alienum,
1038 3293 1077 3357 ed
1109 3293 1293 3359 comitatum

166 3396 368 3477 perennitatis
395 3400 519 3462 uestrae
547 3416 618 3462 cum
646 3398 826 3463 auctoribus
855 3400 921 3469 suis
950 3399 1061 3464 debere
1090 3398 1212 3463 deduci.
1237 3417 1292 3463 nos

167 3501 247 3565 enim
265 3500 449 3584 profitemur
466 3506 609 3567 sanctum
627 3523 740 3587 papam
752 3505 947 3571 Bonifatium
957 3515 1076 3583 <cum>
1091 3505 1206 3570 nostris
1223 3524 1293 3570 con·
1309 3519 1332 3559 ³0

167 3607 379 3672 sacerdotibus
416 3609 607 3674 adfuturum.
643 3610 761 3675 relictis
798 3612 880 3676 enim
917 3611 1049 3695 singulis
1085 3630 1141 3694 per
1180 3611 1289 3676 titulos

166 3714 356 3797 presbyteris
375 3734 481 3780 omnes
505 3716 645 3796 aderunt,
670 3716 724 3800 qui
747 3718 943 3781 uoluntatem
967 3736 1066 3792 suam,
1090 3717 1149 3781 hoc
1172 3720 1222 3780 est
1245 3715 1293 3779 dei

205 3935 399 3991 lobseruabat
417 3937 525 4006 Sciopp.
591 3938 624 3992 10
644 3940 709 3993 bene
728 3938 885 3992 electionem
903 3938 971 3992 Bor.
990 3939 1021 3992 ta
1038 3942 1121 4007 onar'p.
1182 3939 1215 3992 13
1234 3956 1293 3992 con-

169 4023 289 4078 sordotes
312 4025 344 4087 V,
363 4041 431 4080 corr.
451 4024 478 4076 10
526 4028 559 4080 29
578 4026 732 4080 serenitatis
747 4027 816 4080 Bor.
871 4026 962 4082 deberi
985 4027 1017 4090 V,
1036 4043 1104 4081 corr.
1123 4027 1192 4080 Bur.
1246 4044 1294 4081 nos

168 4112 251 4166 Bar:
269 4129 322 4166 nou
334 4108 371 4166 ⁴V
404 4113 439 4168 30
458 4131 515 4173 curu
536 4115 601 4171 add.
617 4114 712 4180 Sirm.,·
730 4115 818 4171 Bonii.
837 4115 937 4169 nostris
957 4132 1014 4169 curu
1028 4114 1211 4169 sacerdotibus
1225 4115 1293 4168 Bor.
