2904 4672
558 226 644 292 narso.
663 224 955 279 xxxta-mm
975 227 998 278 1.
1041 267 1043 271 ,
1289 226 1329 290 79

207 419 363 501 praecelse
391 422 528 502 patrone.
558 438 619 500 quo
646 419 728 482 lecto
755 418 916 481 mandauit
943 436 977 481 se
1005 417 1186 502 diligentius
1219 421 1341 504 tracta<

207 528 310 590 turum
343 543 398 589 nec
429 528 534 590 tamen
565 524 718 589 instanter
748 523 926 588 admonitus
959 523 1038 586 exire
1072 522 1202 587 curauit.
1270 522 1373 592 alia3

207 649 281 694 uero
301 630 349 695 die
368 649 476 694 rursus
495 648 692 713 peromnem
711 628 930 713 apparitionem
952 628 1046 694 etiam
1064 628 1223 693 nocturnis
1245 627 1330 692 lroris

207 735 383 801 admonitus
411 736 541 800 collecta
567 734 766 799 multitudine
793 735 1030 798 Lateranensem
1057 733 1220 797 basilicam
1252 752 1330 798 ausu

155 865 170 906 a
206 841 368 905 temerario
406 841 536 905 credidit
566 840 780 905 innodandam.
814 859 922 904 uerum
954 839 1060 904 habito
1092 841 1227 904 tractatu
1260 858 1330 903 cum

205 947 386 1029 proceribus
410 947 554 1011 omnibus
578 946 688 1012 officiis
713 946 876 1010 destinatis
901 947 936 1008 ut
962 945 1131 1027 pelleretur
1156 944 1330 1009 iniunctum

206 1055 264 1117 est.
292 1072 362 1116 nam
390 1055 422 1117 et
448 1053 497 1116 nir
524 1052 705 1135 spectabilis
728 1051 864 1116 uicarius
888 1051 927 1114 ad
950 1050 1079 1115 eandem
1101 1049 1263 1114 basilicam
1285 1049 1329 1112 ire

205 1159 393 1236 decreuerat,
413 1157 467 1222 sed
491 1158 590 1241 primo
614 1156 759 1221 accedere
781 1175 854 1238 prae
877 1155 972 1221 nimio
996 1158 1110 1221 terrore
1133 1174 1193 1220 non
1216 1155 1329 1238 potuit.

149 1320 150 1324 ,
205 1281 262 1347 ego
294 1266 397 1328 autern
429 1266 493 1327 tam
526 1262 694 1345 corporatis
727 1262 852 1327 directis
885 1255 988 1343 quam
1010 1261 1093 1325 omni
1126 1261 1227 1326 oifioio
1259 1260 1329 1326 ideo

156 1393 184 1433 ro
203 1367 280 1432 illuc
306 1368 350 1432 ire
378 1388 437 1434 non
464 1368 563 1451 potui,
590 1387 628 1432 ne
657 1368 727 1449 quis
755 1367 833 1431 mihi
860 1367 1003 1431 aemulus
1030 1366 1147 1431 faceret
1169 1366 1328 1449 religionis

204 1472 363 1539 inuidiam.
425 1478 528 1539 tamen
552 1474 641 1538 salua
664 1472 845 1537 excellentia
867 1474 973 1536 uestra
995 1471 1237 1555 irrumpentibus
1261 1472 1328 1554 plu·
1352 1481 1371 1542 t

203 1579 290 1643 ribus
318 1578 487 1660 corporatis
516 1581 547 1643 et
572 1577 741 1642 maioribus
764 1576 936 1661 regionum,
961 1577 1013 1659 qui
1036 1576 1210 1659 praeceptis
1232 1576 1329 1658 impe-

202 1683 333 1748 rialibus
356 1683 507 1749 seruiunt.
531 1683 568 1747 de
592 1682 699 1747 eadem
723 1681 855 1747 ecclesia
876 1681 1004 1765 fugatus
1026 1681 1168 1746 Eulalins
1193 1681 1229 1745 de
1252 1682 1327 1745 urbe

203 1791 348 1872 expulsus
378 1792 426 1853 est
452 1792 544 1872 atque
573 1788 727 1853 adiunctis
755 1788 981 1871 apparitoribus
1005 1786 1080 1851 illue
1103 1786 1249 1864 directus,
1273 1786 1328 1850 ubi

156 1922 182 1962 aa
202 1893 308 1958 iussus
335 1895 438 1959 iuerat
463 1893 608 1958 residere.
675 1894 855 1957 mandatum
884 1893 987 1969 etiarn,
1015 1896 1051 1956 ut
1082 1892 1131 1956 uir
1161 1892 1327 1976 religiosus
1352 1904 1369 1965 5

203 2002 329 2064 sanctus
347 1999 508 2064 Achilleus
532 1999 698 2083 episcopus
723 2013 793 2064 cum
816 1998 930 2081 quiete,
954 2017 1032 2080 quae
1055 1998 1143 2062 iussa
1166 2000 1248 2076 sunt,
1271 1997 1326 2063 illo

203 2105 301 2175 eiecto
330 2105 396 2170 sine
425 2105 558 2188 strepitu
585 2105 693 2187 populi
720 2124 775 2187 pro
804 2107 981 2169 sanctorum
1008 2104 1128 2169 dierum
1154 2102 1327 2168 reuerentia

202 2210 380 2275 celebraret.
398 2230 470 2275 nam
488 2210 527 2274 ad
545 2210 719 2275 custodiam
737 2210 886 2274 basilicae
904 2210 1118 2275 Lateranensis
1138 2209 1325 2293 apparitores

201 2316 343 2400 apposui,
361 2335 400 2380 ne
418 2316 470 2381 cni
487 2315 542 2380 alii
559 2315 747 2380 redderetur.
771 2315 868 2398 partis
892 2334 1014 2398 quoque
1037 2315 1153 2380 Eulalii
1175 2313 1325 2396 aliquanti

154 2449 182 2491 ω
201 2420 283 2502 eapti
301 2424 375 2484 sunt
393 2419 497 2485 cleriei
515 2419 677 2484 seditionis
701 2422 858 2497 auctorem
882 2419 919 2484 de
944 2420 1057 2501 quibus
1081 2419 1157 2501 quid
1180 2419 1325 2488 iubeatur

201 2528 338 2607 expecto.
384 2527 415 2589 el
432 2525 578 2607 quoniam
598 2524 635 2589 de
653 2524 702 2589 his
721 2525 857 2602 interim,
872 2543 950 2606 quaa
969 2529 1058 2608 gesta
1076 2527 1159 2602 sunl,
1179 2524 1324 2590 uniuerso
1347 2535 1378 2599 6v

200 2631 374 2695 uirtutibus
400 2630 513 2695 uestris
541 2630 657 2695 credidi
684 2630 924 2714 suggerendum,
953 2631 1099 2712 quioquid
1123 2629 1323 2712 sequentibus

201 2736 311 2800 diebus
339 2755 394 2818 pro
422 2735 528 2819 quiete
554 2736 651 2810 urbis.
679 2755 773 2818 quam
800 2740 906 2801 uestra
928 2735 1060 2800 felicitas
1083 2735 1174 2819 regit,
1198 2737 1322 2818 gestum

200 2841 304 2921 fuerit,
324 2841 508 2926 singillatim
526 2860 580 2924 pro
603 2856 706 2905 rorum
728 2840 790 2905 fide
813 2844 845 2905 et
868 2840 973 2909 ordine
996 2841 1176 2906 melioribus
1196 2839 1321 2905 indiciis

153 2977 183 3020 25
201 2947 361 3012 nuntiabo.

722 3052 806 3136 (aa.)

338 3177 496 3221 Erannos!
512 3176 680 3221 onoma!
701 3176 893 3222 HT'PERARU!
916 3175 1078 3221 SYssAGHO
1100 3177 1130 3232 P.
1153 3177 1183 3221 U.

241 3280 452 3346 Moderatione
474 3279 641 3364 praecipua
658 3280 722 3364 egit
739 3285 847 3345 nostra
864 3281 1024 3360 serenitas,
1042 3299 1080 3344 ne
1098 3281 1200 3345 locum
1220 3279 1322 3364 possit

197 3386 335 3454 inuenire
353 3386 574 3470 praesumptio.
592 3386 662 3450 ideo
681 3385 812 3479 enimin
834 3386 951 3451 indicio
974 3382 1200 3450 uenerabilium
1222 3404 1320 3450 saeer-

234 3575 389 3629 lmandaui
405 3575 515 3638 [corr.
528 3576 597 3630 Bar.
651 3577 775 3631 {latiam
789 3575 946 3630 debitamer
956 3575 1052 3644 Meyer
1103 3574 1273 3629 4admonitis
1288 3575 1319 3641 V.

197 3679 263 3717 cerr.
288 3662 315 3732 ρ2
385 3680 451 3716 ausu
478 3664 509 3726 V,
536 3665 646 3718 aiater
666 3663 836 3718 scribendum
857 3679 891 3718 ea
912 3665 941 3717 et
965 3667 1086 3717 comedo
1174 3663 1207 3718 10
1233 3668 1259 3718 ct
1285 3663 1320 3716 14

196 3750 264 3804 illud
287 3751 318 3817 V,
337 3767 403 3806 corr.
423 3750 450 3804 ο2
502 3753 534 3806 21
550 3753 674 3806 uniuerae
686 3753 797 3820 arrepsit
813 3752 938 3806 uniuersa
961 3751 993 3814 V,
1012 3767 1064 3819 quo
1080 3755 1190 3806 secolo
1208 3751 1242 3804 22
1255 3749 1328 3821 eug?

196 3839 313 3908 gerenda
331 3837 358 3891 ο2
410 3841 445 3894 24
463 3843 491 3894 et
508 3858 541 3896 aa
558 3858 589 3896 ex
607 3857 674 3895 corr.
698 3842 724 3894 V

231 3927 278 3981 88.
314 3927 382 3981 Dat.
401 3927 445 3982 die
463 3929 562 3997 depr.
584 3930 637 3982 419
698 3928 772 3984 ΕΜ.
789 3930 859 3982 Bur.
878 3936 918 3983 od
935 3945 961 3982 a.
983 3930 1044 3996 419,
1064 3928 1216 3996 3351aree.
1235 3928 1316 3983 Auel.

196 4013 293 4084 Spurm.
318 4033 347 4069 n.
369 4017 421 4081 30;
445 4014 553 4085 Sciopp.
577 4022 602 4071 et
618 4016 686 4070 Par.
704 4017 736 4070 X
753 4021 799 4071 82.
853 4018 887 4071 27
906 4015 1072 4071 suinonoV
1124 4016 1158 4071 28
1175 4016 1318 4086 praecipua

196 4119 228 4157 ex
244 4105 386 4174 praecipue
409 4103 435 4155 V
501 4109 593 4174 posset
610 4103 678 4159 Iar.
