2904 4672
173 246 236 308 396
471 242 593 296 Gelasius
611 243 631 295 Ι.
652 243 685 295 ad
705 243 842 310 episcopos
860 242 1010 295 Dardaniae

172 436 204 498 hi
232 437 328 499 simili
355 437 531 500 conditione
560 436 721 500 constricti
749 435 933 517 complicem
961 456 1053 500 suum
1081 457 1141 501 non
1165 441 1298 519 possunt

172 541 308 605 iudicare
337 563 396 607 non
424 544 491 606 iure
519 543 699 605 damnatum
728 561 827 623 neque
854 543 899 605 rei
921 561 1009 605 reum
1031 545 1164 624 possunt
1186 561 1295 624 conpe-

171 650 273 709 tenter
305 648 477 724 absoluere,
511 647 555 710 sic
588 647 642 710 illo
675 646 757 709 iuste
790 647 1036 726 praeuaricatore
1064 647 1207 712 damnato
1237 649 1296 731 ipsi

171 771 294 833 quoque
309 752 374 837 pari
388 752 490 816 iacent
505 752 701 816 damnatione
720 753 866 832 prostrati
885 771 983 833 neque
999 752 1060 816 nisi
1076 753 1295 835 resipiscentes

170 857 241 920 inde
264 861 412 939 poterunt
433 878 561 940 prorsus
580 858 712 934 absolui,
732 859 804 938 quia
823 858 904 922 sicut
921 877 977 940 per
994 878 1089 922 unum
1110 860 1296 923 scribentem
1324 845 1336 922 s

171 981 278 1027 eorum
307 964 445 1027 omnium
473 964 603 1046 uulgata
630 964 836 1046 transgressio
865 968 923 1041 est,
948 964 1054 1045 quiin
1078 965 1206 1029 eandem
1231 983 1295 1047 per-

170 1068 261 1131 fidiae
293 1069 465 1133 reciderant
496 1069 659 1144 actionem,
694 1069 737 1132 sic
770 1070 800 1131 in
833 1089 894 1132 uno
931 1070 1112 1151 eodemque,
1151 1071 1204 1152 qui
1240 1091 1293 1152 pro

171 1176 314 1239 omnibus
330 1175 497 1256 scripserat
510 1177 561 1239 uel
580 1175 740 1239 scribendo
756 1175 893 1238 omnium
911 1176 1087 1258 prodiderat
1105 1177 1293 1256 uoluntates,

170 1281 416 1364 transgressione
439 1282 549 1361 punita
570 1282 684 1363 pariter
707 1300 829 1362 quoque
849 1299 920 1345 cum
939 1281 1047 1345 eodem
1066 1282 1118 1345 uel
1135 1281 1167 1344 in
1186 1283 1293 1346 eodem

21 1450 39 1465 ,,
120 1395 160 1457 76
171 1393 220 1450 est
251 1387 438 1469 complicum
470 1387 675 1469 transgressio
698 1387 807 1467 punita
829 1391 1020 1451 cunctorum.
1091 1406 1170 1468 quae
1191 1390 1295 1451 tamen
1311 1411 1336 1450 ιο

171 1494 325 1557 sententia
365 1493 394 1556 in
435 1492 586 1557 Acacium
628 1492 782 1556 destinata
822 1493 880 1556 etsi
920 1492 1041 1556 nomine
1076 1493 1293 1558 tantummodo

170 1599 323 1680 praesulis
358 1599 533 1679 apostolici,
566 1599 656 1663 crrius
694 1607 759 1662 erat
796 1591 903 1679 utique
938 1599 1115 1682 potestatis,
1153 1599 1292 1682 legitime

170 1705 318 1786 probatur
355 1723 423 1768 esse
460 1705 652 1786 deprompta,
685 1705 849 1786 praecipue
882 1723 951 1768 cum
986 1707 1103 1768 secrete
1135 1705 1294 1787 dirigenda

171 1810 339 1886 uideretur,
368 1830 406 1874 ne
434 1810 588 1874 custodiis'
613 1809 729 1891 ubique
756 1810 924 1892 praetentis
952 1809 1116 1892 dispositio
1149 1812 1292 1875 salutaris

171 1916 365 1997 quibuslibet
396 1916 635 1980 difficultatibus
667 1916 817 1998 impedita
848 1916 1056 1980 necessarium
1088 1916 1202 1980 habere
1234 1937 1291 1982 non
1311 1937 1333 1976 n

168 2025 276 2104 posset
303 2022 458 2094 ellectum,
491 2026 604 2098 tamen,
637 2022 709 2103 quia
740 2021 918 2086 ombooous
951 2022 1066 2102 ubique
1098 2021 1230 2086 deiectis
1263 2028 1293 2087 et

169 2128 333 2192 haereticis
362 2127 577 2192 tantummodo
607 2147 774 2210 eorumque
802 2129 998 2192 consortibus
1026 2130 1087 2192 iam
1114 2128 1235 2193 relictis
1261 2130 1291 2192 in

171 2232 296 2298 Oriente
320 2233 463 2297 catholici
487 2233 649 2314 pontifices
672 2238 727 2296 aut
748 2233 866 2297 residui
890 2234 1012 2298 omnino
1035 2253 1095 2297 non
1114 2239 1223 2298 essent
1240 2239 1293 2297 aut

170 2341 288 2403 nullam
312 2344 453 2423 gererent
474 2340 661 2409 libertatem,
684 2340 890 2420 plurimorum
908 2339 938 2403 in
958 2340 1049 2403 ltalia
1067 2340 1291 2404 catholicorum

170 2447 369 2530 congregatio
399 2447 594 2510 sacerdotum
622 2446 849 2510 rationabiliter
875 2447 906 2509 in
933 2447 1083 2510 Acacium
1107 2448 1290 2510 sententiam
1307 2467 1330 2507 ao

207 2721 267 2773 lhi
291 2720 321 2783 V,
340 2719 379 2771 hii
399 2720 484 2774 RAV
499 2737 572 2773 mon.
597 2724 624 2777 2.
648 2720 676 2773 hi
699 2720 744 2772 uel
765 2720 804 2772 hii
828 2721 860 2773 Σ;
885 2721 912 2772 in
933 2720 960 2772 Β
1066 2721 1233 2774 condictione
1259 2721 1288 2784 V,

169 2809 286 2862 conditio
306 2808 364 2876 (-ne
384 2808 447 2861 add.
467 2824 539 2860 arran.
563 2813 591 2869 2)
610 2809 638 2862 Β
752 2809 885 2876 perstricti
908 2809 935 2861 Β
1053 2826 1106 2862 non
1132 2826 1219 2878 snpra
1242 2809 1288 2862 lin·
1326 2827 1330 2832 ·

169 2898 233 2951 add.
258 2897 410 2949 Vman.2
488 2897 674 2950 traiciant
759 2896 838 2950 3ille
856 2898 942 2950 iustae
961 2897 988 2949 Β
1074 2899 1126 2966 ipsi
1143 2898 1199 2953 ΒΑ
1218 2905 1289 2952 etas

167 2989 225 3056 ipso
244 3002 311 3040 corr.
335 2986 371 3038 V:
389 2986 435 3038 isti
453 2986 500 3038 ΒΣ
564 2988 688 3053 4parem
707 2984 734 3036 Β
812 2988 893 3054 postr.
914 2985 1073 3054 quinisiB
1140 2987 1245 3042 tunde
1267 2986 1292 3038 V

167 3078 293 3145 poterant
310 3076 336 3127 A
390 3057 671 3142 btransgressio'c'V
741 3073 873 3126 eademB
909 3073 1097 3126 'irecederant
1114 3075 1248 3129 actionum
1263 3076 1288 3127 Β

167 3165 204 3217 sic
217 3180 268 3216 uno
283 3163 309 3215 Β
380 3162 614 3231 unldtellltdemque
631 3170 709 3226 (eras.
724 3168 837 3229 utroque
849 3161 907 3215 loco
920 3162 929 3214 ’ἱ
942 3167 973 3214 ut
984 3161 1052 3229 aad.)
1064 3162 1092 3217 Β
1141 3163 1158 3216 8
1172 3163 1249 3217 oibus
1267 3162 1292 3214 V

167 3252 302 3320 scripserit
320 3251 347 3303 Β
408 3249 561 3320 prodiderat
580 3267 634 3303 ras.
654 3266 686 3302 ecc
705 3249 876 3317 prodiderant
893 3249 920 3303 R
981 3250 1121 3303 uoluntate
1139 3251 1174 3314 Β,
1194 3252 1287 3304 uolun-

166 3344 250 3393 tatem
268 3338 322 3391 RA
385 3338 400 3389 9
420 3337 670 3405 transgressione..
686 3337 784 3404 pariter
803 3336 844 3389 bis
860 3336 990 3403 scriptum
1004 3337 1095 3404 priore
1114 3337 1172 3390 loco
1191 3337 1242 3392 del.
1266 3337 1290 3391 V

167 3426 258 3481 eadem
272 3426 299 3477 Β
336 3425 368 3479 10
383 3442 411 3477 es
424 3426 451 3477 Β
504 3423 725 3493 transgressioV
776 3427 938 3477 cunctorum.
954 3441 1021 3493 quae
1036 3422 1069 3478 ad
1083 3425 1287 3480 instructionem

165 3518 270 3568 uestrae
294 3513 444 3566 dilectionis
467 3513 532 3564 satis
557 3511 713 3579 abundeque
737 3512 857 3566 sufficere
875 3512 1022 3566 iudicamus
1042 3512 1230 3579 (iudicauimus
1249 3518 1285 3577 Α)

166 3602 286 3671 quamuis
310 3601 401 3654 eadem
425 3601 505 3653 latius
529 3602 550 3652 si
578 3600 699 3652 dominus
719 3602 878 3653 concesserit
895 3600 1050 3655 facultatem
1071 3602 1225 3655 studeamus
1244 3621 1285 3656 ex·

165 3706 262 3759 ponere
281 3693 412 3757 quatenus
432 3692 459 3741 et
477 3688 594 3741 fidelium
614 3690 724 3756 quisque
744 3693 887 3756 cognoscat
909 3689 977 3742 nihil
999 3689 1173 3758 apostolicam
1198 3691 1286 3743 sedem

165 3778 235 3847 quod
268 3776 339 3830 absit
369 3794 544 3846 praepropere
576 3780 745 3846 (postponere
773 3779 809 3837 A)
844 3777 983 3830 censuisse.
1015 3793 1082 3845 quae
1109 3780 1200 3831 tamen
1228 3780 1292 3854 Erip

165 3867 199 3933 cf.
223 3866 242 3936 §
266 3870 305 3919 80
412 3868 441 3919 11
472 3866 630 3919 destinatam
655 3866 682 3917 Β
778 3868 808 3919 13
836 3865 974 3935 depromta
1000 3866 1030 3928 V,
1059 3866 1243 3936 depromptam
1260 3867 1287 3919 Β

165 3955 321 4024 deprompta
347 3973 403 4008 esse
427 3961 491 4022 trsp.
514 3955 568 4007 ΒΑ
675 3958 777 4007 secreta
798 3959 832 4017 A,
857 3955 977 4007 secretim
1001 3954 1048 4005 ΒΣ
1139 3956 1171 4008 14
1196 3973 1244 4008 nec
1260 3955 1287 4006 Β

167 4045 197 4097 16
217 4044 343 4112 possitB
398 4043 484 4111 quiB
522 4043 553 4094 17
572 4042 719 4095 relectisB
757 4044 786 4095 17
801 4059 839 4110 sq.
856 4044 985 4095 moriente
1005 4046 1069 4109 (pro
1088 4043 1115 4094 in
1132 4043 1288 4105 orientetV

165 4133 197 4184 19
217 4135 346 4200 generent
362 4132 389 4183 Β
465 4143 467 4145 ’
