2904 4672
257 279 321 344 468
449 275 567 330 Libellus
586 274 812 346 apocrisiariorum
832 274 959 328 ecclesiae
977 272 1169 328 Alexandrinae

258 470 325 534 ouis
362 469 534 534 catholicae
568 467 702 552 fideique
736 471 869 534 tmctaro
906 467 961 533 sed
995 467 1141 532 iniuriam
1176 467 1300 546 dolere,
1336 487 1395 532 cur·

258 576 403 640 uideatur
425 575 463 640 ab
481 575 595 641 Acacio
617 575 717 640 fuisse
740 577 928 657 contempta,
952 574 1098 656 quoniam
1120 574 1196 638 haec
1221 576 1254 639 et
1274 571 1394 638 huius·

258 681 353 758 modi,
373 685 526 764 quatenus
549 681 707 765 simplices
731 699 870 764 quosque
895 681 1060 764 decipiant,
1083 679 1126 756 hi,
1150 679 1259 762 quiin
1285 699 1394 744 errore

208 790 333 856 llsunt
367 787 483 870 positi,
515 806 659 872 spargere
697 806 757 851 non
793 786 968 868 quiescunt.
1010 785 1126 850 uidetis
1165 785 1268 862 enim,
1305 786 1395 850 sicut

260 913 355 977 supra
376 894 439 958 iam
462 892 582 959 dictum
605 898 664 971 est,
687 912 742 975 per
763 891 890 958 nomina
910 891 1203 975 praeuaricatorum,
1233 892 1273 969 si,
1304 893 1395 973 quod
1425 921 1436 956 s

259 1000 352 1076 absit,
383 999 414 1063 in
447 999 582 1064 ecclesia
611 999 770 1064 recitanda
801 998 975 1076 credantur,
1013 998 1108 1063 simul
1139 1000 1171 1062 et
1202 998 1395 1082 contagium

257 1106 533 1188 praeuaricationis
568 1104 684 1170 induci.
726 1104 816 1170 sedas
853 1109 959 1170 autem
995 1105 1167 1186 apostolica
1197 1104 1230 1168 in
1261 1106 1395 1168 tantum

257 1229 317 1276 nou
342 1210 564 1277 coutumeliam
591 1210 677 1276 dolet
703 1210 759 1276 sed
785 1209 878 1274 fidem
907 1209 1049 1274 defendit·
1073 1209 1396 1293 communionemque

259 1317 421 1396 sinceram,
443 1319 481 1381 ut
502 1316 594 1381 hodie
618 1319 760 1388 cunctos,
783 1316 891 1398 quiin
919 1315 988 1382 eius
1014 1315 1078 1380 uisi
1105 1319 1178 1380 suut
1204 1317 1396 1398 prorupisse

258 1422 451 1506 despectum,
470 1423 499 1487 si
521 1422 559 1486 ad
581 1422 792 1507 integritatem
812 1422 885 1487 fidei
903 1422 1192 1504 communionisque
1211 1423 1395 1488 catholicae
1413 1453 1436 1493 a

257 1531 464 1603 reuertamur,
497 1527 668 1594 secuudum
701 1529 879 1612 regularum
907 1529 1064 1592 tramitem
1090 1530 1294 1610 paternarum
1323 1533 1394 1596 toto

258 1634 360 1699 cordis
384 1633 495 1699 affectu
519 1635 680 1699 uenientes
700 1637 731 1698 et
748 1634 840 1716 plena
864 1634 992 1698 caritate
1015 1633 1177 1716 suscipiat.
1229 1634 1309 1702 Dat.
1334 1637 1393 1702 ΙΙΙ.

258 1740 338 1804 Non.
361 1739 444 1823 Aug.
467 1739 591 1805 Asterie
615 1743 648 1804 et
669 1739 830 1805 Praesidio
854 1758 956 1804 conss.

769 1932 875 2016 (ιοῖ.)

258 2073 399 2119 rmntios
428 2073 508 2129 Quum
533 2075 697 2120 neomutus
724 2073 923 2121 APOORISARII
945 2074 1185 2121 disrumpamus}
1209 2075 1393 2128 occissus
1412 2091 1436 2131 15

350 2178 479 2224 Lucanis
502 2179 543 2224 AB
566 2180 644 2225 URBE
668 2180 751 2226 nola
774 2179 1077 2226 CONSTANTINOPOLI!
1099 2179 1299 2228 DESTINA'HS.

303 2302 526 2350 ouomosrssrro
566 2304 669 2362 arona
709 2303 986 2350 nrcnnnnsrrssnro
1025 2302 1170 2351 nauarcro
1211 2304 1313 2352 sasso
1351 2309 1391 2353 nr

257 2407 502 2454 usnnnmrumus
525 2409 682 2456 nerscoars
707 2409 882 2456 cnuscomo
899 2409 938 2454 su
963 2409 1103 2454 cumano
1127 2409 1216 2454 smus
1236 2410 1300 2457 eurr
1318 2413 1389 2458 urus

257 2513 435 2560 coruscans
458 2503 605 2560 nmncrrs'
620 2515 655 2561 ns
677 2514 853 2562 nnoaurorm
876 2515 917 2560 aa
940 2514 1019 2560 unns
1038 2513 1119 2559 uon
1137 2515 1179 2560 an
1200 2514 1389 2564 cnununurs-

258 2620 347 2666 error
377 2621 416 2665 ur
444 2619 570 2666 cnursro
597 2621 753 2666 niumm
779 2621 992 2666 manamaur
1018 2620 1156 2666 nosram
1181 2623 1389 2670 aunsrasrorr
1405 2641 1428 2680 a

257 2727 498 2773 normannnis
526 2719 728 2774 nunnammrs
756 2728 927 2774 uccunsrnn
955 2727 1120 2773 moscouus
1144 2727 1327 2775 rnasnrnss
1348 2732 1387 2776 nr

259 2833 442 2878 esanmron
473 2832 589 2879 necron
620 2833 782 2880 maronsrs
813 2835 944 2880 nrusnnn
978 2834 1147 2880 accusaris
1184 2834 1386 2883 snaumnuns

229 2919 458 2995 2Uenerabiles
478 2926 602 2986 sanctae
618 2921 766 2987 ecclesiae
780 2922 938 2988 Romanae
952 2921 1038 2986 urbis
1053 2924 1145 3004 atque
1159 2921 1387 2990 Alexandrinae

257 3045 317 3090 nou
341 3027 444 3090 solum
466 3025 558 3090 fidem
581 3030 698 3092 rectam
722 3031 814 3110 atque
833 3029 1078 3104 immaculatam,
1098 3045 1133 3090 er
1151 3046 1215 3108 quo
1235 3030 1385 3095 salutaris

256 3132 288 3196 in
317 3133 362 3198 eis
390 3133 587 3217 praedicatus
616 3138 665 3200 ost
688 3153 799 3213 senno,
824 3135 879 3200 sed
902 3136 997 3200 etiam
1020 3134 1125 3199 diuino
1148 3135 1180 3198 in
1204 3134 1385 3202 ministerio
1402 3168 1422 3208 2⁵

258 3257 381 3322 semper
403 3239 597 3305 concordiam
620 3245 833 3317 seruauerunt,
858 3241 972 3325 quippe
995 3260 1067 3305 cum
1091 3240 1128 3304 ab
1151 3258 1215 3307 uuo
1238 3241 1385 3307 fueritin

258 3344 399 3427 utrisque
438 3345 558 3411 iactum
597 3346 669 3410 fidei
709 3341 946 3412 fundamentum
987 3347 1128 3431 (Petrum
1168 3365 1386 3414 memoramus

294 3533 419 3588 ldolore
441 3534 500 3599 VB,
519 3550 587 3589 corr.
607 3532 633 3604 ρ2
695 3552 740 3589 cur
762 3537 792 3600 V,
808 3552 876 3606 quur
892 3535 931 3588 B:
952 3551 1011 3589 cum
1029 3535 1097 3590 Bor.
1147 3537 1384 3606 OcomptemtaB

259 3652 287 3701 et
304 3664 355 3704 om.
373 3649 401 3702 Β
471 3649 646 3720 Osymplices
664 3650 691 3703 Β
761 3651 790 3704 hi
813 3650 847 3704 V:
867 3650 907 3704 illi
926 3650 952 3703 Β
1022 3651 1127 3704 herrore
1150 3650 1177 3703 V
1245 3619 1386 3708 4slntV

259 3753 401 3807 expergete
418 3738 446 3791 Β
499 3740 581 3808 iper
602 3737 636 3790 V:
656 3738 678 3790 si
696 3739 723 3791 Β
794 3740 817 3792 si
840 3739 874 3792 V:
894 3756 943 3793 om.
962 3739 989 3792 Β
1043 3737 1148 3792 laedis
1171 3736 1198 3789 V
1255 3740 1382 3794 Odeson-

258 3825 306 3879 det
322 3825 350 3878 Β
402 3826 497 3881 Oodie
514 3827 542 3880 Β
613 3828 700 3880 cuncti
722 3827 779 3892 VB,
798 3828 903 3882 correxi
957 3828 989 3882 12
1008 3828 1087 3896 plena
1108 3826 1144 3880 V:
1163 3827 1208 3896 ple
1226 3829 1254 3882 Β
1328 3846 1382 3883 sus·

259 3913 473 3983 cipiatrrrurcrr
490 3915 517 3968 Β
534 3915 646 3983 reliquis
663 3917 769 3970 omissis
821 3917 853 3971 13
871 3932 991 3971 rnusmro
1010 3903 1072 3971 cons
1096 3916 1123 3969 V

295 4001 360 4056 102.
430 4002 499 4057 Dat.
519 4019 544 4056 o.
566 4007 630 4058 497.
696 4004 770 4059 Edu.
788 4005 856 4058 Bor.
878 4005 916 4059 acl
934 4021 960 4058 a.
981 4007 1046 4069 497,
1066 4009 1116 4072 14,·
1134 4003 1245 4061 Collect.
1267 4007 1384 4073 Concil5

263 4090 340 4145 Tliel
360 4094 423 4147 628.
463 4092 495 4145 15
514 4106 621 4146 emanue
645 4093 677 4155 V,
696 4109 795 4149 corno
867 4093 1031 4164 apocrisiarii
1048 4093 1125 4147 Edit.
1143 4110 1197 4163 rep.
1241 4097 1274 4150 22
1295 4097 1381 4152 chere·

260 4195 321 4232 mon
344 4179 370 4234 V
441 4180 561 4251 responsi
582 4179 613 4243 V,
632 4197 699 4236 con.
719 4200 732 4252 ρ
802 4182 837 4234 25
855 4180 903 4235 sed
920 4182 1004 4235 Bam:
1021 4183 1035 4235 l
1054 4186 1098 4249 (=
1117 4182 1171 4250 uel)
1197 4183 1229 4248 V,
1245 4181 1342 4240 uerum
1359 4181 1383 4255 p²
