2904 4672
190 273 254 339 478
536 271 619 326 Gesta
637 271 670 326 do
689 269 856 326 absolutione
874 271 970 325 Miseni

190 466 274 541 luro,
306 465 400 530 Petro
431 463 653 541 Alexandrino,
684 465 799 531 Aeaeio
832 464 1191 550 Constantinopolitano,
1224 467 1323 533 Petro

189 570 384 637 Antiocheno
403 571 588 654 cunctisque
607 590 714 636 eornm
732 571 938 654 complicibus
953 575 986 637 et
998 573 1323 638 communicatoribus

189 696 336 760 respuere
364 677 508 742 damnare
532 681 564 743 ct
590 677 850 742 anathematizare
871 681 1024 760 perpetuo
1047 696 1217 760 omnesque
1240 679 1322 746 istos

191 787 225 848 et
240 783 422 849 huiusmodi
439 783 630 848 bonibiliter
648 783 791 857 execrari,
805 801 862 847 nec
875 801 1025 865 umquam
1043 802 1093 848 me
1109 801 1181 848 cum
1200 784 1322 850 talibus

192 890 291 954 ullum
315 889 457 972 quolibet
477 889 570 954 modo
592 889 740 971 profiteor
760 888 942 953 habiturum
965 908 1034 955 esse
1052 890 1246 955 consortium
1264 891 1322 956 sed
1352 905 1366 945 ⁵

139 990 229 1060 1201)
251 995 301 1061 his
324 995 470 1062 omnibus
492 996 635 1060 futurum
657 1013 785 1080 prorsus
809 994 955 1060 ebenum.
978 1014 1110 1078 quornm
1127 996 1321 1078 pronitatem

189 1101 266 1167 licet
287 1120 457 1183 numquam
479 1103 645 1167 uoluntate
666 1101 847 1184 receperim,
870 1104 972 1166 tamen
997 1101 1070 1184 quia
1087 1120 1176 1167 meae
1193 1104 1322 1169 calaum-

189 1207 266 1273 tatis
287 1207 427 1291 impulsn
451 1207 554 1272 minns
587 1210 699 1272 cautus
729 1206 840 1272 uideor
870 1207 1028 1285 incidisse,
1056 1208 1115 1273 sub
1147 1212 1321 1293 conspeetu

191 1313 242 1378 dei
265 1315 298 1378 et
318 1312 404 1378 beati
425 1312 510 1377 Petri
534 1312 669 1398 apostoli
692 1312 824 1393 eiusque
846 1312 957 1376 nicasii
979 1331 1015 1378 ac
1041 1314 1140 1378 totius
1168 1313 1321 1379 ecclesiae

190 1437 261 1484 mea
277 1418 361 1483 sicut
377 1417 440 1483 diri
458 1419 651 1484 confessione
668 1436 808 1499 noceqne
826 1417 995 1484 condemno
1010 1419 1149 1484 detestor
1161 1419 1321 1498 exhorreo,
1339 1437 1364 1477 a

191 1525 222 1590 in
246 1526 315 1591 sola
335 1543 386 1589 me
407 1523 468 1588 fide
487 1525 768 1607 communioneque
787 1523 941 1589 catholica
958 1527 990 1589 et
1007 1525 1179 1608 apostolica
1196 1543 1323 1608 semper

191 1631 376 1696 duratnmm
409 1648 478 1695 esse
510 1628 706 1703 confirmans.
748 1628 799 1694 cui
830 1629 975 1714 petitioni
1005 1648 1092 1694 meae
1123 1648 1219 1695 mann
1251 1649 1322 1695 mea

192 1736 366 1819 subscripsi
393 1736 453 1801 sub
479 1736 537 1800 111.
564 1735 612 1801 Id.
640 1735 733 1800 Mart.
760 1734 888 1802 Uictore
910 1755 943 1800 0.
967 1753 993 1802 c.
1018 1753 1104 1802 cons.
1131 1753 1168 1800 ac
1193 1739 1321 1801 uestrae

190 1841 380 1908 beatitudini
404 1841 436 1906 in
464 1845 620 1906 conuentu
648 1840 897 1906 uenerandomm
923 1841 1041 1906 credidi
1067 1841 1147 1906 meis
1173 1840 1321 1907 manibus

193 1946 400 2013 offerendam‘.
428 1947 469 2012 111
490 1947 552 2011 0110
573 1966 684 2011 manu:
707 1947 783 2032 ‘Ego
806 1947 946 2011 Misenus
968 1946 1043 2012 hnic
1065 1945 1210 2030 petitioni
1233 1967 1323 2013 meae
1340 1967 1365 2007 ¹5

194 2057 226 2119 et
248 2072 266 2117 0
287 2072 337 2118 me
360 2053 481 2119 oblatae
505 2053 680 2135 subscripsi
702 2052 752 2117 die
775 2054 807 2118 st
829 2053 958 2119 consule
981 2071 1075 2135 supra
1097 2053 1236 2136 scripto‘.

143 2157 184 2221 13
239 2157 386 2225 Gelasins
409 2159 575 2242 episcopus
599 2157 692 2223 dixit:
747 2157 843 2239 ‘Quae
862 2160 944 2224 lecta
962 2162 1045 2236 snut,
1063 2159 1323 2225 transcribantur'

194 2267 226 2329 et
261 2265 391 2329 adiecit:
427 2264 510 2347 ‘quid
547 2264 693 2329 uideatur
726 2265 913 2330 fraternitati
947 2267 1071 2331 uestrae
1106 2265 1320 2343 statuendum,

193 2371 292 2437 uestri
319 2389 442 2453 qnoque
471 2371 592 2437 consilii
618 2370 857 2454 participatione
884 2370 1098 2436 desideramus
1128 2373 1320 2455 agnoscere'.

193 2477 379 2543 leuauerunt
415 2495 449 2541 se
485 2495 591 2543 omnes
627 2477 767 2560 episcopi
805 2477 859 2540 nel
893 2476 1065 2560 presbyteri
1107 2480 1256 2560 rogantes
1290 2481 1365 2543 0100

195 2582 351 2648 dieentes:
374 2577 494 2648 ‘exandi
518 2582 658 2648 Christe:
683 2582 809 2649 Gelasio
831 2582 926 2647 uital'
948 2583 1066 2647 dictum
1087 2582 1197 2648 uicies.
1224 2583 1323 2666 ‘quod

195 2689 287 2754 uobis
315 2687 392 2753 deus
419 2688 506 2753 dedit
533 2689 564 2752 in
591 2690 759 2771 potestate,
782 2690 966 2772 praestate!²
997 2687 1116 2754 dictum
1139 2687 1322 2754 duodecies.

195 2795 264 2861 ‘hoc
285 2795 335 2861 fac
358 2793 442 2876 quod
463 2794 541 2860 facit
562 2794 694 2859 domnus
712 2794 826 2859 Petrus
835 2795 855 2858 Ρ
878 2793 997 2859 dictum
1016 2794 1130 2860 docies.
1154 2794 1323 2860 01100101.-

146 2979 147 2982 ,
196 2919 268 2985 geas
291 2901 458 2984 rogamns'.
491 2899 611 2965 dietum
634 2900 753 2965 nonies.

143 3005 185 3069 14
239 3006 319 3075 Cum
351 3005 451 3071 denuo
483 3005 682 3084 resedissent,
710 3004 857 3071 (10100100
880 3006 1047 3089 episcopus
1070 3004 1163 3070 dixit:
1212 3005 1324 3072 ‘Sedes
1342 3026 1368 3066 2⁵

197 3113 369 3197 apostolica
405 3111 546 3194 quidem,
584 3131 663 3195 qnae
700 3110 825 3176 Christo
862 3111 985 3176 domino
1022 3110 1184 3195 delegante
1220 3111 1324 3176 totins

233 3371 407 3426 lantioceno
425 3374 501 3442 petro
519 3377 584 3440 trop.
602 3371 631 3424 Β
697 3372 821 3425 2000000
839 3387 890 3425 om.
908 3372 937 3425 Β
1002 3371 1090 3426 31010
1108 3371 1136 3424 Β
1199 3371 1324 3440 bqnod·

196 3459 265 3514 libet
282 3460 309 3513 B
379 3459 528 3513 habitarum
545 3459 573 3512 Β
623 3459 794 3529 7000100010]
813 3459 840 3511 Β
912 3476 985 3514 mese
1002 3460 1042 3513 B:
1060 3475 1103 3514 mo
1125 3457 1153 3511 V
1196 3457 1325 3528 810001-

197 3564 255 3602 sum
273 3548 300 3601 B
382 3551 551 3617 conspectum
570 3547 597 3599 Β
668 3547 786 3600 9010001
803 3547 831 3600 Β
907 3548 940 3601 10
958 3546 1122 3618 professione
1139 3546 1168 3600 B
1253 3563 1326 3601 com·

198 3636 293 3690 demno
314 3637 341 3690 B
447 3651 552 3690 exorreo
575 3636 602 3688 Β
692 3636 722 3688 11
746 3634 798 3690 fide
822 3636 1023 3704 communioque
1048 3636 1077 3702 (!)
1102 3633 1143 3688 bia
1162 3635 1274 3704 scripsit
1302 3635 1328 3687 V

103 3778 106 3786 ,
198 3727 283 3795 apost.
302 3741 344 3779 me
362 3741 465 3794 semper
482 3723 509 3776 B
558 3724 590 3777 13
609 3722 738 3793 subcripsi
756 3722 783 3775 Β
854 3723 902 3777 snb
921 3723 955 3777 V:
975 3723 1057 3778 diaB
1128 3721 1211 3777 scB:
1231 3723 1282 3776 hac
1302 3723 1329 3775 V

201 3814 234 3867 14
252 3812 356 3866 crededi
373 3813 401 3866 Β
472 3813 505 3866 15
524 3811 683 3865 offerendum
703 3812 730 3864 Β
813 3812 865 3865 hnc
883 3811 910 3864 B
982 3812 1014 3865 16
1033 3810 1122 3864 ablate
1139 3810 1168 3863 Β
1244 3827 1329 3880 snpra

199 3902 298 3972 scripto
316 3917 366 3955 om.
388 3899 416 3954 V
501 3901 533 3955 18
551 3900 659 3953 uidetur
676 3900 853 3954 fraternitatis
871 3916 935 3954 urae
953 3899 980 3951 B
1069 3900 1101 3953 19
1120 3915 1281 3968 cognoscere
1300 3900 1329 3953 Β

200 3988 235 4043 20
254 3988 333 4059 episc.
353 3990 381 4042 et
397 3987 484 4058 presb.
502 3988 530 4041 Β
561 3988 598 4042 23
617 3987 739 4041 dominns
762 3986 787 4038 V
821 3987 855 4040 24
872 4003 997 4056 rogamus
1022 3984 1117 4040 om.V
1168 3985 1272 4040 dictum
1286 3987 1328 4043 B:

202 4074 292 4130 dicV
342 4077 376 4131 25
394 4075 551 4130 recidissent
567 4076 605 4129 B:
625 4074 759 4129 sedissent
781 4075 807 4128 V
857 4075 1084 4144 adapostolicam
1103 4073 1130 4126 B
1202 4091 1273 4144 quae
1287 4075 1328 4128 B:

203 4163 284 4219 deV
352 4164 482 4234 diligente
499 4165 526 4217 Β
