2904 4672
643 218 729 290 epm,
748 188 907 274 1157463.
1290 229 1332 292 23
1384 208 1385 211 ‘

208 415 266 489 est,
299 412 338 476 ad
369 429 464 498 quarn
490 428 601 475 uocem
633 412 811 474 coartantur
841 410 995 477 uocabulo
1027 411 1114 495 pacis
1149 409 1243 477 istius
1281 412 1331 476 nel

208 517 292 600 quod
309 517 509 601 pronuntiare
531 519 692 600 cogantur,
723 519 760 581 ut
791 517 819 581 si
851 521 1016 601 negatores
1037 516 1095 582 lilii
1117 516 1167 602 dei
1193 519 1279 584 recte
1300 517 1331 581 in

206 623 323 689 honore
344 624 592 699 corroborantur,
624 622 786 688 credamus
815 627 966 707 martyres
997 626 1158 708 tamquam
1188 643 1244 706 pro
1276 642 1334 690 sua

207 729 383 795 tomeritate
405 729 533 812 puniri?
591 729 656 795 'sed
688 729 784 794 absit:
817 730 909 807 obsit,
941 732 978 794 nt
1000 730 1059 795 boc
1090 731 1236 795 admittat
1263 731 1386 796 conob

175 834 338 901 sscientia
361 833 551 913 Christiana3
574 835 728 900 credimus
752 835 834 899 enim
856 833 921 900 filio
945 834 994 900 dei
1017 836 1245 918 pronuntianti:
1269 837 1333 918 qui

208 959 263 1006 me
298 940 510 1024 negauerit
547 959 676 1006 coram
708 940 947 1019 hominibus,
988 945 1027 1006 ct
1068 960 1137 1026 ego
1179 943 1333 1027 negabo

209 1064 294 1112 aum
316 1065 445 1113 coram
467 1049 580 1130 patre
612 1065 706 1123 meo,
739 1046 867 1129 etqui
890 1065 946 1112 me
970 1047 1333 1113 confessusiuerit

195 1169 338 1250 Rcorani
369 1152 609 1230 bominibus,
642 1155 681 1218 et
712 1171 782 1237 ego
815 1152 1164 1244 confiteborcnm
1197 1171 1331 1219 coram

199 1252 320 1343 'patre
335 1277 428 1324 meo.
495 1261 709 1324 uorumtamen
733 1264 765 1324 et
786 1259 817 1323 in
841 1259 899 1325 hac
913 1279 1008 1325 causa
1022 1259 1165 1325 diuinum
1178 1258 1330 1324 iudicium
1343 1263 1382 1324 01

148 1365 385 1450 recognoscite
406 1366 563 1448 prolatum
585 1365 801 1448 praesentibus
823 1365 1031 1442 documentis,
1054 1385 1093 1431 ue
1116 1366 1186 1448 quis
1203 1368 1332 1448 pateret

207 1469 426 1554 acceptandam
456 1489 565 1552 pacem
596 1471 723 1536 talium>
747 1471 975 1555 episcoporum,
1008 1472 1133 1537 etiarnsi
1164 1471 1203 1536 ed
1240 1490 1331 1535 uerae

207 1577 278 1645 fidei
308 1578 534 1644 confessionem
566 1581 793 1644 reuerterentur
826 1582 900 1662 post
935 1579 1182 1660 subscriptiones
1217 1578 1332 1661 impias

207 1686 259 1766 nel
279 1684 410 1760 nefarias
433 1683 659 1749 haereticorum
682 1684 925 1764 communiones,
962 1685 1076 1767 quibus
1100 1684 1235 1750 scientes
1258 1684 1330 1749 sub·

207 1788 389 1877 cubuerunt,
421 1809 459 1855 ne
487 1793 542 1855 aut
563 1791 777 1873 possessiones
800 1791 951 1856 ecclesiae
973 1790 1138 1873 perderent
1160 1793 1216 1854 aut
1237 1790 1333 1854 hono-

157 1906 188 1956 rs
206 1913 265 1962 res.
327 1896 677 1963 sauctnsuirMarimns
700 1897 876 1980 episcopus,
900 1897 991 1962 cuius
1014 1915 1109 1979 supra
1120 1895 1331 1973 meminimus,
1343 1898 1386 1959 62

206 2001 298 2068 tidem
319 2002 483 2069 uindicans
505 2006 624 2068 rectam
647 2003 901 2087 consortiumque
914 2004 1080 2085 reprobans
1103 2001 1331 2067 haereticomm

206 2107 320 2175 ductus
342 2112 392 2174 est
412 2109 443 2174 in
467 2109 604 2174 erilium.
637 2111 668 2174 in
698 2109 768 2174 leco
799 2107 868 2174 eius
895 2108 1159 2193 praeuaricatores
1191 2106 1333 2173 ordinant
1355 2134 1358 2137 ·

205 2215 328 2281 nomine
351 2213 522 2294 Zosimum,
545 2215 600 2298 qni
623 2218 655 2280 et
679 2215 747 2297 ipso
777 2215 865 2298 prius
898 2214 1023 2298 quidem
1056 2214 1210 2282 catholica
1231 2213 1334 2279 uindi-

206 2322 306 2387 cabat.
328 2341 378 2388 res
400 2321 463 2387 iste
484 2322 515 2386 in
538 2321 670 2405 Neapoli
693 2321 821 2387 ciuitate
836 2319 1022 2404 Campaniae
1044 2324 1114 2386 acta
1135 2324 1193 2387 est.
1218 2337 1331 2404 coguo-

153 2444 185 2486 ω
205 2427 266 2493 scit
288 2427 348 2492 boe
370 2432 498 2494 sauctus
520 2428 676 2494 Maximus
704 2431 735 2493 et
766 2427 805 2494 de
837 2427 927 2493 exilio
961 2427 1098 2493 scribens
1133 2427 1240 2491 datin
1263 2445 1335 2490 eum

204 2535 391 2599 sententiam
412 2554 474 2601 nou
497 2535 601 2600 solum
624 2534 794 2618 episcopali
817 2534 1002 2600 auctoritate
1033 2534 1088 2599 sed
1111 2533 1205 2598 etiem
1229 2551 1333 2608 aemu-

203 2640 320 2717 latione
343 2660 380 2707 nc
401 2642 520 2707 uirtute
543 2641 683 2725 martyrii
704 2641 828 2707 feruens
850 2641 882 2706 in
906 2640 1037 2725 gloriam
1061 2639 1210 2704 diuinam.
1279 2638 1334 2703 scd
1345 2642 1386 2704 63

203 2750 278 2830 post
307 2747 427 2830 aliquot
458 2767 554 2813 annos
580 2748 693 2813 beatus
725 2747 849 2812 Lucifer
880 2747 918 2811 de
946 2750 1055 2830 quarto
1088 2743 1178 2811 exilio
1201 2745 1331 2810 Romam

203 2870 335 2936 pergens
357 2854 518 2938 ingressus
541 2855 590 2918 est
612 2853 776 2937 Neapolim
800 2851 996 2934 Campaniae,
1029 2854 1066 2916 ut
1088 2851 1232 2928 diximus,
1257 2850 1333 2914 ciui·

153 2971 184 3013 ²⁶
203 2960 311 3037 tatem,
335 2959 374 3022 ad
396 2979 489 3041 quem
512 2959 656 3026 Zosimus
688 2959 795 3024 uenire
826 2959 995 3042 temptauit
1027 2958 1083 3023 illa
1104 2957 1184 3023 forto
1207 2957 1334 3022 fidncia.

204 3082 265 3147 qua
287 3049 409 3130 scilicet
429 3064 492 3130 iam
517 3065 561 3130 de
589 3045 750 3148 impietate
774 3064 943 3130 correxisse
975 3065 1151 3131 uidebatur.
1172 3063 1228 3128 sed
1252 3063 1334 3127 bunc

203 3170 362 3236 confessor
383 3170 508 3236 Lucifer
530 3172 689 3253 suscipere
712 3171 814 3235 noluit
835 3189 897 3237 non
909 3170 1066 3255 ignoraus,
1085 3183 1164 3254 quae
1182 3171 1333 3253 gesserat

202 3272 298 3341 immo
323 3279 354 3340 et
376 3277 477 3342 sancti
500 3276 630 3359 spiritns
652 3277 774 3342 femore
806 3277 945 3361 episcopi
972 3280 1004 3341 et
1037 3276 1182 3359 martyris
1206 3274 1334 3346 Maximi

203 3382 390 3447 seutentiam
429 3382 590 3449 robustius
631 3383 792 3466 exequitur
832 3383 950 3462 diceus,
996 3382 1080 3466 quod
1119 3382 1334 3465 episcopatum

122 3525 124 3530 ·
157 3505 185 3555 υ
202 3485 316 3568 ipsum,
332 3506 425 3570 quem
440 3488 500 3552 sibi
518 3492 555 3553 ut
573 3487 696 3552 adulter
713 3487 852 3554 uindicat
872 3488 1034 3572 spiritalis,
1057 3487 1337 3567 animaduertentis

264 3735 267 3738 ’
292 3712 424 3769 enatet.
445 3713 487 3776 10,
506 3714 540 3769 33
559 3715 587 3767 et
605 3714 639 3769 32

240 3836 253 3888 l
274 3850 326 3905 quo
346 3838 470 3899 artantur
492 3836 524 3901 V,
542 3838 649 3892 correct
696 3837 714 3892 8
733 3839 861 3892 contineor
879 3837 911 3903 V,
929 3852 998 3895 corr.
1017 3837 1098 3894 mm.
1139 3835 1175 3892 10
1192 3835 1340 3915 probatrnn

207 3922 287 3979 Sim.
379 3923 410 3978 l‘i
432 3925 511 3978 exilio
532 3924 564 3989 V,
587 3939 692 3980 cosmo
780 3925 1200 4000 praeuaricatorcm..Zosimnm
1226 3925 1289 3994 quia
1307 3930 1336 3979 et

204 4010 490 4081 dissentientem
511 4016 570 4067 578
607 4014 640 4069 18
657 4014 721 4081 sort.
742 4014 848 4084 quidem
868 4002 1141 4074 <iidem>eatbolicam
1178 4013 1212 4066 22
1227 4012 1335 4068 feruens

189 4098 367 4175 'Mareotica
385 4101 403 4157 l.
423 4118 459 4157 c:
478 4101 568 4155 sruens
591 4102 617 4156 V
