<?xml version="1.0" encoding="UTF-8"?>
<!DOCTYPE html PUBLIC "-//W3C//DTD XHTML 1.0 Transitional//EN"
    "http://www.w3.org/TR/xhtml1/DTD/xhtml1-transitional.dtd">
<html xmlns="http://www.w3.org/1999/xhtml" xml:lang="en" lang="en">
 <head>
  <title>
</title>
<meta http-equiv="Content-Type" content="text/html;charset=utf-8" />
  <meta name='ocr-system' content='tesseract 3.04.00' />
  <meta name='ocr-capabilities' content='ocr_page ocr_carea ocr_par ocr_line ocrx_word'/>
</head>
<body>
  <div class='ocr_page' id='page_1' title='image "./epistulaeimpera01gngoog_0040.png"; bbox 0 0 2904 4672; ppageno 0'>
   <div class='ocr_carea' id='block_1_1' title="bbox 570 257 1286 327">
    <p class='ocr_par' dir='ltr' id='par_1_1' title="bbox 570 257 1286 327">
     <span class='ocr_line' id='line_1_1' title="bbox 570 257 1286 327; baseline 0.011 -17"><span class='ocrx_word' id='word_1_1' title='bbox 570 257 860 327; x_wconf 82' lang='lat' dir='ltr'>Prolegomena.</span> <span class='ocrx_word' id='word_1_2' title='bbox 1123 257 1286 323; x_wconf 79' lang='lat' dir='ltr'>XXVIIII¹</span> 
     </span>
    </p>
   </div>
   <div class='ocr_carea' id='block_1_2' title="bbox 146 449 1275 746">
    <p class='ocr_par' dir='ltr' id='par_1_2' title="bbox 146 449 1275 746">
     <span class='ocr_line' id='line_1_2' title="bbox 147 449 1275 536; baseline -0.003 -19"><span class='ocrx_word' id='word_1_3' title='bbox 147 452 243 518; x_wconf 77' lang='lat' dir='ltr'>tontis</span> <span class='ocrx_word' id='word_1_4' title='bbox 264 450 435 515; x_wconf 81' lang='lat' dir='ltr'>Auellanae</span> <span class='ocrx_word' id='word_1_5' title='bbox 457 449 661 536; x_wconf 52' lang='lat' dir='ltr'>&amp;adalinae</span> <span class='ocrx_word' id='word_1_6' title='bbox 683 451 811 516; x_wconf 75' lang='lat' dir='ltr'>dioecete</span> <span class='ocrx_word' id='word_1_7' title='bbox 832 451 871 514; x_wconf 86' lang='lat' dir='ltr'>da</span> <span class='ocrx_word' id='word_1_8' title='bbox 891 451 981 514; x_wconf 81' lang='lat' dir='ltr'>uerbo</span> <span class='ocrx_word' id='word_1_9' title='bbox 999 450 1042 514; x_wconf 86' lang='lat' dir='ltr'>ud</span> <span class='ocrx_word' id='word_1_10' title='bbox 1057 449 1184 515; x_wconf 80' lang='lat' dir='ltr'>cardam</span> <span class='ocrx_word' id='word_1_11' title='bbox 1200 449 1275 534; x_wconf 66' lang='lat' dir='ltr'>fide-</span> 
     </span>
     <span class='ocr_line' id='line_1_3' title="bbox 146 554 1274 640; baseline 0 -20"><span class='ocrx_word' id='word_1_12' title='bbox 146 556 216 622; x_wconf 80' lang='lat' dir='ltr'>liter</span> <span class='ocrx_word' id='word_1_13' title='bbox 242 559 419 639; x_wconf 74' lang='lat' dir='ltr'>rescriptos,</span> <span class='ocrx_word' id='word_1_14' title='bbox 448 557 487 621; x_wconf 90' lang='lat' dir='ltr'>ad</span> <span class='ocrx_word' id='word_1_15' title='bbox 513 558 618 639; x_wconf 89' lang='lat' dir='ltr'>ipsum</span> <span class='ocrx_word' id='word_1_16' title='bbox 646 557 800 640; x_wconf 90' lang='lat' dir='ltr'>pertinere</span> <span class='ocrx_word' id='word_1_17' title='bbox 827 555 1071 623; x_wconf 89' lang='lat' dir='ltr'>Ottoboniannm</span> <span class='ocrx_word' id='word_1_18' title='bbox 1104 576 1120 617; x_wconf 91' lang='lat' dir='ltr'>c</span> <span class='ocrx_word' id='word_1_19' title='bbox 1152 554 1209 620; x_wconf 90' lang='lat' dir='ltr'>sed</span> <span class='ocrx_word' id='word_1_20' title='bbox 1236 555 1274 620; x_wconf 93' lang='lat' dir='ltr'>ab</span> 
     </span>
     <span class='ocr_line' id='line_1_4' title="bbox 146 661 1207 746; baseline -0.002 -18"><span class='ocrx_word' id='word_1_21' title='bbox 146 683 195 742; x_wconf 90' lang='lat' dir='ltr'>eo,</span> <span class='ocrx_word' id='word_1_22' title='bbox 219 663 274 746; x_wconf 93' lang='lat' dir='ltr'>qui</span> <span class='ocrx_word' id='word_1_23' title='bbox 295 664 378 728; x_wconf 90' lang='lat' dir='ltr'>hunc</span> <span class='ocrx_word' id='word_1_24' title='bbox 402 663 550 742; x_wconf 86' lang='lat' dir='ltr'>exarauit,</span> <span class='ocrx_word' id='word_1_25' title='bbox 575 681 610 727; x_wconf 87' lang='lat' dir='ltr'>ex</span> <span class='ocrx_word' id='word_1_26' title='bbox 633 663 700 728; x_wconf 89' lang='lat' dir='ltr'>eius</span> <span class='ocrx_word' id='word_1_27' title='bbox 725 662 891 746; x_wconf 75' lang='lat' dir='ltr'>archetypo</span> <span class='ocrx_word' id='word_1_28' title='bbox 915 661 1105 744; x_wconf 89' lang='lat' dir='ltr'>descriptum</span> <span class='ocrx_word' id='word_1_29' title='bbox 1128 679 1207 726; x_wconf 86' lang='lat' dir='ltr'>esso.</span> 
     </span>
    </p>
   </div>
   <div class='ocr_carea' id='block_1_3' title="bbox 117 855 1274 4112">
    <p class='ocr_par' dir='ltr' id='par_1_3' title="bbox 117 855 1274 4112">
     <span class='ocr_line' id='line_1_5' title="bbox 188 855 1273 938; baseline 0 -16"><span class='ocrx_word' id='word_1_30' title='bbox 188 857 255 934; x_wconf 78' lang='lat' dir='ltr'>Eis,</span> <span class='ocrx_word' id='word_1_31' title='bbox 283 875 361 938; x_wconf 89' lang='lat' dir='ltr'>quae</span> <span class='ocrx_word' id='word_1_32' title='bbox 389 856 528 938; x_wconf 80' lang='lat' dir='ltr'>exposui,</span> <span class='ocrx_word' id='word_1_33' title='bbox 556 855 803 920; x_wconf 88' lang='lat' dir='ltr'>demonstratum</span> <span class='ocrx_word' id='word_1_34' title='bbox 826 858 875 920; x_wconf 92' lang='lat' dir='ltr'>est</span> <span class='ocrx_word' id='word_1_35' title='bbox 897 855 1036 922; x_wconf 81' lang='lat' dir='ltr'><strong>codicem</strong></span> <span class='ocrx_word' id='word_1_36' title='bbox 1063 878 1079 919; x_wconf 90' lang='lat' dir='ltr'>o</span> <span class='ocrx_word' id='word_1_37' title='bbox 1108 855 1147 920; x_wconf 94' lang='lat' dir='ltr'>ad</span> <span class='ocrx_word' id='word_1_38' title='bbox 1168 872 1273 922; x_wconf 85' lang='lat' dir='ltr'>recen·</span> 
     </span>
     <span class='ocr_line' id='line_1_6' title="bbox 144 960 1272 1045; baseline -0.004 -17"><span class='ocrx_word' id='word_1_39' title='bbox 144 963 275 1029; x_wconf 82' lang='lat' dir='ltr'>sendum</span> <span class='ocrx_word' id='word_1_40' title='bbox 301 963 487 1027; x_wconf 90' lang='lat' dir='ltr'>Auellanam</span> <span class='ocrx_word' id='word_1_41' title='bbox 515 960 634 1026; x_wconf 90' lang='lat' dir='ltr'>nullius</span> <span class='ocrx_word' id='word_1_42' title='bbox 663 962 731 1025; x_wconf 89' lang='lat' dir='ltr'>esse</span> <span class='ocrx_word' id='word_1_43' title='bbox 759 960 919 1026; x_wconf 86' lang='lat' dir='ltr'>momenti.</span> <span class='ocrx_word' id='word_1_44' title='bbox 948 980 966 1025; x_wconf 88' lang='lat' dir='ltr'>a</span> <span class='ocrx_word' id='word_1_45' title='bbox 997 980 1057 1043; x_wconf 88' lang='lat' dir='ltr'>quo</span> <span class='ocrx_word' id='word_1_46' title='bbox 1089 960 1272 1045; x_wconf 79' lang='lat' dir='ltr'><strong>priusquam</strong></span> 
     </span>
     <span class='ocr_line' id='line_1_7' title="bbox 145 1065 1274 1149; baseline -0.004 -17"><span class='ocrx_word' id='word_1_47' title='bbox 145 1068 355 1139; x_wconf 82' lang='lat' dir='ltr'>discedamus,</span> <span class='ocrx_word' id='word_1_48' title='bbox 394 1066 560 1132; x_wconf 86' lang='lat' dir='ltr'>dicendum</span> <span class='ocrx_word' id='word_1_49' title='bbox 597 1068 646 1131; x_wconf 89' lang='lat' dir='ltr'>est</span> <span class='ocrx_word' id='word_1_50' title='bbox 682 1065 720 1130; x_wconf 91' lang='lat' dir='ltr'>de</span> <span class='ocrx_word' id='word_1_51' title='bbox 761 1066 882 1131; x_wconf 87' lang='lat' dir='ltr'>duabus</span> <span class='ocrx_word' id='word_1_52' title='bbox 923 1067 1068 1131; x_wconf 89' lang='lat' dir='ltr'>manibus</span> <span class='ocrx_word' id='word_1_53' title='bbox 1107 1065 1274 1149; x_wconf 86' lang='lat' dir='ltr'>principali</span> 
     </span>
     <span class='ocr_line' id='line_1_8' title="bbox 145 1172 1272 1261; baseline -0.004 -21"><span class='ocrx_word' id='word_1_54' title='bbox 145 1175 302 1261; x_wconf 89' lang='lat' dir='ltr'>scriptura</span> <span class='ocrx_word' id='word_1_55' title='bbox 328 1192 389 1239; x_wconf 92' lang='lat' dir='ltr'>non</span> <span class='ocrx_word' id='word_1_56' title='bbox 411 1174 514 1239; x_wconf 90' lang='lat' dir='ltr'>multo</span> <span class='ocrx_word' id='word_1_57' title='bbox 537 1173 775 1251; x_wconf 89' lang='lat' dir='ltr'>recentioribus,</span> <span class='ocrx_word' id='word_1_58' title='bbox 800 1190 879 1255; x_wconf 89' lang='lat' dir='ltr'>quae</span> <span class='ocrx_word' id='word_1_59' title='bbox 903 1172 1043 1238; x_wconf 81' lang='lat' dir='ltr'>codicem</span> <span class='ocrx_word' id='word_1_60' title='bbox 1066 1173 1272 1237; x_wconf 89' lang='lat' dir='ltr'>correxemnt.</span> 
     </span>
     <span class='ocr_line' id='line_1_9' title="bbox 144 1275 1271 1364; baseline -0.004 -19"><span class='ocrx_word' id='word_1_61' title='bbox 144 1299 182 1345; x_wconf 90' lang='lat' dir='ltr'>ao</span> <span class='ocrx_word' id='word_1_62' title='bbox 208 1279 345 1364; x_wconf 90' lang='lat' dir='ltr'>primum</span> <span class='ocrx_word' id='word_1_63' title='bbox 375 1279 502 1362; x_wconf 90' lang='lat' dir='ltr'>quidem</span> <span class='ocrx_word' id='word_1_64' title='bbox 527 1279 598 1362; x_wconf 92' lang='lat' dir='ltr'>ipso</span> <span class='ocrx_word' id='word_1_65' title='bbox 628 1278 753 1344; x_wconf 88' lang='lat' dir='ltr'>saeculo</span> <span class='ocrx_word' id='word_1_66' title='bbox 780 1278 857 1342; x_wconf 89' lang='lat' dir='ltr'>XVI</span> <span class='ocrx_word' id='word_1_67' title='bbox 883 1277 1082 1360; x_wconf 87' lang='lat' dir='ltr'>nescioquis</span> <span class='ocrx_word' id='word_1_68' title='bbox 1109 1275 1271 1361; x_wconf 86' lang='lat' dir='ltr'>pallidiore</span> 
     </span>
     <span class='ocr_line' id='line_1_10' title="bbox 144 1382 1271 1472; baseline -0.004 -21"><span class='ocrx_word' id='word_1_69' title='bbox 144 1405 223 1472; x_wconf 87' lang='lat' dir='ltr'>usus</span> <span class='ocrx_word' id='word_1_70' title='bbox 239 1387 414 1450; x_wconf 88' lang='lat' dir='ltr'>atramento</span> <span class='ocrx_word' id='word_1_71' title='bbox 434 1394 505 1450; x_wconf 88' lang='lat' dir='ltr'>cum</span> <span class='ocrx_word' id='word_1_72' title='bbox 522 1385 602 1468; x_wconf 91' lang='lat' dir='ltr'>ipsis</span> <span class='ocrx_word' id='word_1_73' title='bbox 622 1383 739 1449; x_wconf 90' lang='lat' dir='ltr'>codicis</span> <span class='ocrx_word' id='word_1_74' title='bbox 757 1383 862 1449; x_wconf 90' lang='lat' dir='ltr'>uerbis</span> <span class='ocrx_word' id='word_1_75' title='bbox 881 1386 950 1449; x_wconf 88' lang='lat' dir='ltr'>tum</span> <span class='ocrx_word' id='word_1_76' title='bbox 968 1382 1099 1468; x_wconf 84' lang='lat' dir='ltr'>margini</span> <span class='ocrx_word' id='word_1_77' title='bbox 1118 1382 1271 1448; x_wconf 80' lang='lat' dir='ltr'>sexcentis</span> 
     </span>
     <span class='ocr_line' id='line_1_11' title="bbox 143 1487 1270 1574; baseline -0.005 -16"><span class='ocrx_word' id='word_1_78' title='bbox 143 1491 224 1568; x_wconf 89' lang='lat' dir='ltr'>locis</span> <span class='ocrx_word' id='word_1_79' title='bbox 248 1489 416 1574; x_wconf 82' lang='lat' dir='ltr'>adscripsit</span> <span class='ocrx_word' id='word_1_80' title='bbox 438 1490 599 1569; x_wconf 87' lang='lat' dir='ltr'>lectiones,</span> <span class='ocrx_word' id='word_1_81' title='bbox 624 1508 701 1572; x_wconf 89' lang='lat' dir='ltr'>quas</span> <span class='ocrx_word' id='word_1_82' title='bbox 725 1509 796 1553; x_wconf 90' lang='lat' dir='ltr'>eum</span> <span class='ocrx_word' id='word_1_83' title='bbox 819 1509 879 1554; x_wconf 93' lang='lat' dir='ltr'>non</span> <span class='ocrx_word' id='word_1_84' title='bbox 903 1508 939 1554; x_wconf 89' lang='lat' dir='ltr'>ex</span> <span class='ocrx_word' id='word_1_85' title='bbox 957 1489 1018 1554; x_wconf 86' lang='lat' dir='ltr'>alio</span> <span class='ocrx_word' id='word_1_86' title='bbox 1038 1489 1173 1572; x_wconf 86' lang='lat' dir='ltr'>quodam</span> <span class='ocrx_word' id='word_1_87' title='bbox 1190 1487 1270 1552; x_wconf 88' lang='lat' dir='ltr'>libro</span> 
     </span>
     <span class='ocr_line' id='line_1_12' title="bbox 144 1594 1271 1679; baseline -0.002 -20"><span class='ocrx_word' id='word_1_88' title='bbox 144 1615 239 1660; x_wconf 92' lang='lat' dir='ltr'>manu</span> <span class='ocrx_word' id='word_1_89' title='bbox 262 1596 379 1679; x_wconf 90' lang='lat' dir='ltr'>scripto</span> <span class='ocrx_word' id='word_1_90' title='bbox 403 1595 617 1679; x_wconf 85' lang='lat' dir='ltr'>desumpsisse</span> <span class='ocrx_word' id='word_1_91' title='bbox 641 1595 696 1660; x_wconf 88' lang='lat' dir='ltr'>sed</span> <span class='ocrx_word' id='word_1_92' title='bbox 720 1612 778 1659; x_wconf 90' lang='lat' dir='ltr'>sua</span> <span class='ocrx_word' id='word_1_93' title='bbox 800 1594 985 1660; x_wconf 78' lang='lat' dir='ltr'>adsecutum</span> <span class='ocrx_word' id='word_1_94' title='bbox 1005 1614 1074 1660; x_wconf 90' lang='lat' dir='ltr'>esse</span> <span class='ocrx_word' id='word_1_95' title='bbox 1093 1595 1271 1659; x_wconf 89' lang='lat' dir='ltr'>coniectura</span> 
     </span>
     <span class='ocr_line' id='line_1_13' title="bbox 144 1695 1268 1784; baseline -0.002 -19"><span class='ocrx_word' id='word_1_96' title='bbox 144 1721 206 1765; x_wconf 92' lang='lat' dir='ltr'>non</span> <span class='ocrx_word' id='word_1_97' title='bbox 238 1702 340 1766; x_wconf 88' lang='lat' dir='ltr'>solum</span> <span class='ocrx_word' id='word_1_98' title='bbox 373 1719 409 1765; x_wconf 89' lang='lat' dir='ltr'>eo</span> <span class='ocrx_word' id='word_1_99' title='bbox 442 1701 672 1784; x_wconf 89' lang='lat' dir='ltr'>comprobatur,</span> <span class='ocrx_word' id='word_1_100' title='bbox 704 1695 788 1781; x_wconf 88' lang='lat' dir='ltr'>quod</span> <span class='ocrx_word' id='word_1_101' title='bbox 816 1698 969 1765; x_wconf 90' lang='lat' dir='ltr'>lectiones</span> <span class='ocrx_word' id='word_1_102' title='bbox 997 1700 1073 1767; x_wconf 89' lang='lat' dir='ltr'>illae</span> <span class='ocrx_word' id='word_1_103' title='bbox 1104 1699 1268 1781; x_wconf 89' lang='lat' dir='ltr'>permultis</span> 
     </span>
     <span class='ocr_line' id='line_1_14' title="bbox 141 1795 1268 1888; baseline -0.004 -15"><span class='ocrx_word' id='word_1_104' title='bbox 141 1795 222 1873; x_wconf 86' lang='lat' dir='ltr'>locis</span> <span class='ocrx_word' id='word_1_105' title='bbox 250 1806 439 1874; x_wconf 85' lang='lat' dir='ltr'>falsissimae</span> <span class='ocrx_word' id='word_1_106' title='bbox 467 1805 712 1887; x_wconf 86' lang='lat' dir='ltr'>certissimisque</span> <span class='ocrx_word' id='word_1_107' title='bbox 740 1804 988 1869; x_wconf 89' lang='lat' dir='ltr'>coniecturarum</span> <span class='ocrx_word' id='word_1_108' title='bbox 1018 1803 1116 1888; x_wconf 85' lang='lat' dir='ltr'>signis</span> <span class='ocrx_word' id='word_1_109' title='bbox 1144 1807 1268 1868; x_wconf 88' lang='lat' dir='ltr'>notatae</span> 
     </span>
     <span class='ocr_line' id='line_1_15' title="bbox 142 1909 1267 1993; baseline -0.004 -15"><span class='ocrx_word' id='word_1_110' title='bbox 142 1916 228 1991; x_wconf 84' lang='lat' dir='ltr'>sunt,</span> <span class='ocrx_word' id='word_1_111' title='bbox 257 1911 312 1977; x_wconf 88' lang='lat' dir='ltr'>sed</span> <span class='ocrx_word' id='word_1_112' title='bbox 340 1911 435 1977; x_wconf 90' lang='lat' dir='ltr'>etiarn</span> <span class='ocrx_word' id='word_1_113' title='bbox 458 1930 505 1990; x_wconf 91' lang='lat' dir='ltr'>eo,</span> <span class='ocrx_word' id='word_1_114' title='bbox 530 1910 613 1993; x_wconf 91' lang='lat' dir='ltr'>quod</span> <span class='ocrx_word' id='word_1_115' title='bbox 637 1911 690 1992; x_wconf 92' lang='lat' dir='ltr'>qui</span> <span class='ocrx_word' id='word_1_116' title='bbox 716 1928 767 1975; x_wconf 89' lang='lat' dir='ltr'>eas</span> <span class='ocrx_word' id='word_1_117' title='bbox 791 1909 969 1992; x_wconf 82' lang='lat' dir='ltr'>adscripsit.</span> <span class='ocrx_word' id='word_1_118' title='bbox 991 1910 1055 1975; x_wconf 86' lang='lat' dir='ltr'>fere</span> <span class='ocrx_word' id='word_1_119' title='bbox 1078 1928 1200 1992; x_wconf 88' lang='lat' dir='ltr'>semper</span> <span class='ocrx_word' id='word_1_120' title='bbox 1222 1910 1267 1974; x_wconf 92' lang='lat' dir='ltr'>eis</span> 
     </span>
     <span class='ocr_line' id='line_1_16' title="bbox 143 2015 1265 2102; baseline -0.004 -18"><span class='ocrx_word' id='word_1_121' title='bbox 143 2019 292 2102; x_wconf 90' lang='lat' dir='ltr'>adposuit</span> <span class='ocrx_word' id='word_1_122' title='bbox 321 2018 459 2082; x_wconf 88' lang='lat' dir='ltr'>litteram</span> <span class='ocrx_word' id='word_1_123' title='bbox 488 2037 522 2096; x_wconf 83' lang='lat' dir='ltr'>p,</span> <span class='ocrx_word' id='word_1_124' title='bbox 548 2018 570 2082; x_wconf 94' lang='lat' dir='ltr'>i.</span> <span class='ocrx_word' id='word_1_125' title='bbox 600 2036 626 2083; x_wconf 87' lang='lat' dir='ltr'>a.</span> <span class='ocrx_word' id='word_1_126' title='bbox 653 2020 741 2097; x_wconf 81' lang='lat' dir='ltr'>pato.</span> <span class='ocrx_word' id='word_1_127' title='bbox 775 2019 914 2081; x_wconf 90' lang='lat' dir='ltr'>ceterum</span> <span class='ocrx_word' id='word_1_128' title='bbox 946 2016 1168 2100; x_wconf 87' lang='lat' dir='ltr'>grammaticus</span> <span class='ocrx_word' id='word_1_129' title='bbox 1201 2015 1265 2094; x_wconf 89' lang='lat' dir='ltr'>ille,</span> 
     </span>
     <span class='ocr_line' id='line_1_17' title="bbox 142 2121 1266 2208; baseline -0.004 -18"><span class='ocrx_word' id='word_1_130' title='bbox 142 2124 287 2208; x_wconf 89' lang='lat' dir='ltr'>quisquis</span> <span class='ocrx_word' id='word_1_131' title='bbox 318 2123 390 2197; x_wconf 85' lang='lat' dir='ltr'>luit,</span> <span class='ocrx_word' id='word_1_132' title='bbox 423 2125 505 2187; x_wconf 89' lang='lat' dir='ltr'>certe</span> <span class='ocrx_word' id='word_1_133' title='bbox 535 2142 597 2187; x_wconf 93' lang='lat' dir='ltr'>non</span> <span class='ocrx_word' id='word_1_134' title='bbox 629 2122 731 2187; x_wconf 91' lang='lat' dir='ltr'>caruit</span> <span class='ocrx_word' id='word_1_135' title='bbox 760 2122 896 2206; x_wconf 87' lang='lat' dir='ltr'>ingenio,</span> <span class='ocrx_word' id='word_1_136' title='bbox 917 2140 1025 2204; x_wconf 51' lang='lat' dir='ltr'>¹neque</span> <span class='ocrx_word' id='word_1_137' title='bbox 1053 2121 1135 2186; x_wconf 89' lang='lat' dir='ltr'>enim</span> <span class='ocrx_word' id='word_1_138' title='bbox 1161 2121 1266 2205; x_wconf 84' lang='lat' dir='ltr'>negari</span> 
     </span>
     <span class='ocr_line' id='line_1_18' title="bbox 140 2227 1265 2314; baseline -0.004 -18"><span class='ocrx_word' id='word_1_139' title='bbox 140 2234 248 2314; x_wconf 88' lang='lat' dir='ltr'>potest</span> <span class='ocrx_word' id='word_1_140' title='bbox 275 2237 346 2294; x_wconf 82' lang='lat' dir='ltr'>erim</span> <span class='ocrx_word' id='word_1_141' title='bbox 374 2229 484 2294; x_wconf 90' lang='lat' dir='ltr'>multis</span> <span class='ocrx_word' id='word_1_142' title='bbox 511 2229 589 2294; x_wconf 94' lang='lat' dir='ltr'>locis</span> <span class='ocrx_word' id='word_1_143' title='bbox 615 2228 710 2310; x_wconf 90' lang='lat' dir='ltr'>inque</span> <span class='ocrx_word' id='word_1_144' title='bbox 740 2228 786 2293; x_wconf 90' lang='lat' dir='ltr'>eis</span> <span class='ocrx_word' id='word_1_145' title='bbox 819 2228 1032 2312; x_wconf 88' lang='lat' dir='ltr'>compluribus</span> <span class='ocrx_word' id='word_1_146' title='bbox 1065 2228 1143 2292; x_wconf 89' lang='lat' dir='ltr'>satis</span> <span class='ocrx_word' id='word_1_147' title='bbox 1176 2227 1265 2310; x_wconf 79' lang='lat' dir='ltr'>graui</span> 
     </span>
     <span class='ocr_line' id='line_1_19' title="bbox 141 2332 1265 2420; baseline -0.004 -19"><span class='ocrx_word' id='word_1_148' title='bbox 141 2337 319 2420; x_wconf 89' lang='lat' dir='ltr'>corruptela</span> <span class='ocrx_word' id='word_1_149' title='bbox 345 2335 523 2418; x_wconf 90' lang='lat' dir='ltr'>deprauatis</span> <span class='ocrx_word' id='word_1_150' title='bbox 551 2337 669 2399; x_wconf 84' lang='lat' dir='ltr'>rectam</span> <span class='ocrx_word' id='word_1_151' title='bbox 696 2333 878 2398; x_wconf 88' lang='lat' dir='ltr'>adhibuisse</span> <span class='ocrx_word' id='word_1_152' title='bbox 905 2333 1069 2398; x_wconf 88' lang='lat' dir='ltr'>medelam.</span> <span class='ocrx_word' id='word_1_153' title='bbox 1135 2332 1184 2397; x_wconf 85' lang='lat' dir='ltr'>Ab</span> <span class='ocrx_word' id='word_1_154' title='bbox 1206 2333 1265 2397; x_wconf 86' lang='lat' dir='ltr'>hac</span> 
     </span>
     <span class='ocr_line' id='line_1_20' title="bbox 117 2438 1263 2524; baseline -0.003 -18"><span class='ocrx_word' id='word_1_155' title='bbox 117 2502 119 2506; x_wconf 74' lang='grc'><strong>,</strong></span> <span class='ocrx_word' id='word_1_156' title='bbox 140 2462 236 2508; x_wconf 90' lang='lat' dir='ltr'>manu</span> <span class='ocrx_word' id='word_1_157' title='bbox 259 2440 350 2506; x_wconf 86' lang='lat' dir='ltr'>facile</span> <span class='ocrx_word' id='word_1_158' title='bbox 368 2440 551 2524; x_wconf 88' lang='lat' dir='ltr'>plerumque</span> <span class='ocrx_word' id='word_1_159' title='bbox 570 2439 757 2505; x_wconf 89' lang='lat' dir='ltr'>discernitur</span> <span class='ocrx_word' id='word_1_160' title='bbox 775 2440 836 2503; x_wconf 90' lang='lat' dir='ltr'>alia</span> <span class='ocrx_word' id='word_1_161' title='bbox 853 2459 964 2504; x_wconf 88' lang='lat' dir='ltr'>manus</span> <span class='ocrx_word' id='word_1_162' title='bbox 984 2457 1079 2521; x_wconf 85' lang='lat' dir='ltr'>ecque</span> <span class='ocrx_word' id='word_1_163' title='bbox 1097 2438 1263 2516; x_wconf 87' lang='lat' dir='ltr'>robustior,</span> 
     </span>
     <span class='ocr_line' id='line_1_21' title="bbox 141 2544 1264 2631; baseline -0.004 -18"><span class='ocrx_word' id='word_1_164' title='bbox 141 2567 221 2631; x_wconf 89' lang='lat' dir='ltr'>quae</span> <span class='ocrx_word' id='word_1_165' title='bbox 245 2566 317 2613; x_wconf 93' lang='lat' dir='ltr'>cum</span> <span class='ocrx_word' id='word_1_166' title='bbox 341 2547 463 2628; x_wconf 89' lang='lat' dir='ltr'>etipsa</span> <span class='ocrx_word' id='word_1_167' title='bbox 486 2546 607 2628; x_wconf 90' lang='lat' dir='ltr'>aliquos</span> <span class='ocrx_word' id='word_1_168' title='bbox 629 2546 717 2610; x_wconf 92' lang='lat' dir='ltr'>locos</span> <span class='ocrx_word' id='word_1_169' title='bbox 740 2563 775 2609; x_wconf 93' lang='lat' dir='ltr'>ex</span> <span class='ocrx_word' id='word_1_170' title='bbox 799 2545 977 2610; x_wconf 88' lang='lat' dir='ltr'>coniectura</span> <span class='ocrx_word' id='word_1_171' title='bbox 999 2544 1172 2622; x_wconf 86' lang='lat' dir='ltr'>correxerit,</span> <span class='ocrx_word' id='word_1_172' title='bbox 1195 2547 1264 2608; x_wconf 91' lang='lat' dir='ltr'>tum</span> 
     </span>
     <span class='ocr_line' id='line_1_22' title="bbox 140 2633 1264 2739; baseline -0.004 -20"><span class='ocrx_word' id='word_1_173' title='bbox 140 2672 201 2719; x_wconf 90' lang='lat' dir='ltr'>non</span> <span class='ocrx_word' id='word_1_174' title='bbox 223 2673 324 2736; x_wconf 89' lang='lat' dir='ltr'>pauca</span> <span class='ocrx_word' id='word_1_175' title='bbox 347 2652 522 2739; x_wconf 84' lang='lat' dir='ltr'>adscripsit,</span> <span class='ocrx_word' id='word_1_176' title='bbox 542 2670 620 2734; x_wconf 88' lang='lat' dir='ltr'>quae</span> <span class='ocrx_word' id='word_1_177' title='bbox 644 2650 820 2735; x_wconf 88' lang='lat' dir='ltr'>desumpsit</span> <span class='ocrx_word' id='word_1_178' title='bbox 838 2670 874 2716; x_wconf 89' lang='lat' dir='ltr'>ex</span> <span class='ocrx_word' id='word_1_179' title='bbox 892 2651 996 2717; x_wconf 92' lang='lat' dir='ltr'>codice</span> <span class='ocrx_word' id='word_1_180' title='bbox 1015 2651 1054 2729; x_wconf 95' lang='lat' dir='ltr'>V,</span> <span class='ocrx_word' id='word_1_181' title='bbox 1073 2650 1113 2716; x_wconf 88' lang='lat' dir='ltr'>cf.</span> <span class='ocrx_word' id='word_1_182' title='bbox 1132 2633 1264 2733; x_wconf 79' lang='lat' dir='ltr'>exempli</span> 
     </span>
     <span class='ocr_line' id='line_1_23' title="bbox 141 2757 1264 2844; baseline -0.005 -20"><span class='ocrx_word' id='word_1_183' title='bbox 141 2759 257 2844; x_wconf 82' lang='lat' dir='ltr'>gratia:</span> <span class='ocrx_word' id='word_1_184' title='bbox 303 2759 359 2843; x_wconf 81' lang='lat'>28,</span> <span class='ocrx_word' id='word_1_185' title='bbox 380 2758 499 2841; x_wconf 83' lang='lat' dir='ltr'>fuceret</span> <span class='ocrx_word' id='word_1_186' title='bbox 525 2758 554 2820; x_wconf 93' lang='lat' dir='ltr'><strong>V</strong></span> <span class='ocrx_word' id='word_1_187' title='bbox 583 2760 614 2821; x_wconf 86' lang='lat' dir='ltr'>et</span> <span class='ocrx_word' id='word_1_188' title='bbox 640 2779 657 2818; x_wconf 90' lang='lat' dir='ltr'>o</span> <span class='ocrx_word' id='word_1_189' title='bbox 685 2775 761 2822; x_wconf 83' lang='lat' dir='ltr'>corr.</span> <span class='ocrx_word' id='word_1_190' title='bbox 776 2779 785 2820; x_wconf 74' lang='grc' dir='ltr'><strong>ι</strong></span> <span class='ocrx_word' id='word_1_191' title='bbox 800 2757 884 2840; x_wconf 80' lang='lat' dir='ltr'>facit</span> <span class='ocrx_word' id='word_1_192' title='bbox 906 2761 934 2821; x_wconf 84' lang='lat' dir='ltr'>et</span> <span class='ocrx_word' id='word_1_193' title='bbox 957 2776 1003 2817; x_wconf 82' lang='lat' dir='ltr'>co</span> <span class='ocrx_word' id='word_1_194' title='bbox 1049 2757 1141 2840; x_wconf 79' lang='lat'>547„</span> <span class='ocrx_word' id='word_1_195' title='bbox 1164 2775 1264 2819; x_wconf 80' lang='lat' dir='ltr'>accae</span> 
     </span>
     <span class='ocr_line' id='line_1_24' title="bbox 139 2855 1263 2946; baseline -0.004 -17"><span class='ocrx_word' id='word_1_196' title='bbox 139 2884 211 2929; x_wconf 77' lang='lat' dir='ltr'>ouer</span> <span class='ocrx_word' id='word_1_197' title='bbox 233 2866 367 2944; x_wconf 75' lang='lat' dir='ltr'>pasceret</span> <span class='ocrx_word' id='word_1_198' title='bbox 388 2866 531 2943; x_wconf 81' lang='lat' dir='ltr'>pastores</span> <span class='ocrx_word' id='word_1_199' title='bbox 558 2862 586 2925; x_wconf 95' lang='lat' dir='ltr'><strong>V</strong></span> <span class='ocrx_word' id='word_1_200' title='bbox 614 2855 684 2927; x_wconf 86' lang='lat' dir='ltr'>eto</span> <span class='ocrx_word' id='word_1_201' title='bbox 709 2880 785 2926; x_wconf 90' lang='lat' dir='ltr'>corr.</span> <span class='ocrx_word' id='word_1_202' title='bbox 814 2881 875 2927; x_wconf 93' lang='lat' dir='ltr'>om.</span> <span class='ocrx_word' id='word_1_203' title='bbox 899 2884 945 2930; x_wconf 85' lang='grc' dir='ltr'>αο</span> <span class='ocrx_word' id='word_1_204' title='bbox 1014 2863 1105 2946; x_wconf 79' lang='lat'>768„</span> <span class='ocrx_word' id='word_1_205' title='bbox 1133 2862 1263 2941; x_wconf 79' lang='lat' dir='ltr'>acceptia</span> 
     </span>
     <span class='ocr_line' id='line_1_25' title="bbox 140 2963 1263 3055; baseline -0.002 -21"><span class='ocrx_word' id='word_1_206' title='bbox 140 2963 252 3055; x_wconf 68' lang='lat' dir='ltr'>quippe</span> <span class='ocrx_word' id='word_1_207' title='bbox 286 2968 382 3032; x_wconf 79' lang='lat' dir='ltr'>rubea</span> <span class='ocrx_word' id='word_1_208' title='bbox 418 2971 446 3031; x_wconf 81' lang='lat' dir='ltr'>et</span> <span class='ocrx_word' id='word_1_209' title='bbox 480 2967 626 3049; x_wconf 74' lang='lat' dir='ltr'>neptalim</span> <span class='ocrx_word' id='word_1_210' title='bbox 662 2966 691 3030; x_wconf 92' lang='lat' dir='ltr'><strong>V</strong></span> <span class='ocrx_word' id='word_1_211' title='bbox 728 2970 760 3032; x_wconf 89' lang='lat' dir='ltr'>et</span> <span class='ocrx_word' id='word_1_212' title='bbox 790 2993 807 3032; x_wconf 89' lang='lat' dir='ltr'>o</span> <span class='ocrx_word' id='word_1_213' title='bbox 839 2986 939 3034; x_wconf 80' lang='lat' dir='ltr'>corn:</span> <span class='ocrx_word' id='word_1_214' title='bbox 977 2987 1038 3033; x_wconf 92' lang='lat' dir='ltr'>om.</span> <span class='ocrx_word' id='word_1_215' title='bbox 1075 2989 1131 3033; x_wconf 81' lang='lat' dir='ltr'>ao.</span> <span class='ocrx_word' id='word_1_216' title='bbox 1189 2969 1263 3050; x_wconf 87' lang='lat' dir='ltr'>post</span> 
     </span>
     <span class='ocr_line' id='line_1_26' title="bbox 139 3063 1263 3159; baseline -0.004 -19"><span class='ocrx_word' id='word_1_217' title='bbox 139 3075 231 3159; x_wconf 88' lang='lat' dir='ltr'>epist.</span> <span class='ocrx_word' id='word_1_218' title='bbox 265 3076 328 3140; x_wconf 85' lang='grc'>140</span> <span class='ocrx_word' id='word_1_219' title='bbox 359 3074 391 3138; x_wconf 91' lang='lat' dir='ltr'>in</span> <span class='ocrx_word' id='word_1_220' title='bbox 424 3073 531 3139; x_wconf 88' lang='lat' dir='ltr'>codice</span> <span class='ocrx_word' id='word_1_221' title='bbox 564 3095 584 3135; x_wconf 88' lang='grc' dir='ltr'><strong><em>α</em></strong></span> <span class='ocrx_word' id='word_1_222' title='bbox 614 3063 724 3138; x_wconf 86' lang='lat' dir='ltr'>manus</span> <span class='ocrx_word' id='word_1_223' title='bbox 759 3073 878 3138; x_wconf 88' lang='lat' dir='ltr'>saeculi</span> <span class='ocrx_word' id='word_1_224' title='bbox 910 3072 984 3138; x_wconf 89' lang='lat' dir='ltr'>XIV</span> <span class='ocrx_word' id='word_1_225' title='bbox 1016 3073 1136 3138; x_wconf 88' lang='lat' dir='ltr'>addidit</span> <span class='ocrx_word' id='word_1_226' title='bbox 1151 3073 1263 3147; x_wconf 35' lang='lat' dir='ltr'>,uerba</span> 
     </span>
     <span class='ocr_line' id='line_1_27' title="bbox 139 3177 1262 3262; baseline -0.004 -16"><span class='ocrx_word' id='word_1_227' title='bbox 139 3179 300 3262; x_wconf 76' lang='lat' dir='ltr'>Incipiunt</span> <span class='ocrx_word' id='word_1_228' title='bbox 326 3179 449 3261; x_wconf 78' lang='lat' dir='ltr'>epistole</span> <span class='ocrx_word' id='word_1_229' title='bbox 475 3179 592 3244; x_wconf 69' lang='lat' dir='ltr'>bertar·</span> <span class='ocrx_word' id='word_1_230' title='bbox 618 3179 815 3258; x_wconf 78' lang='lat' dir='ltr'>imperatoris</span> <span class='ocrx_word' id='word_1_231' title='bbox 841 3180 884 3243; x_wconf 87' lang='lat' dir='ltr'>od</span> <span class='ocrx_word' id='word_1_232' title='bbox 905 3178 1109 3244; x_wconf 65' lang='lat' dir='ltr'>Hormmdom</span> <span class='ocrx_word' id='word_1_233' title='bbox 1130 3183 1158 3243; x_wconf 80' lang='lat' dir='ltr'>et</span> <span class='ocrx_word' id='word_1_234' title='bbox 1179 3177 1262 3242; x_wconf 78' lang='lat' dir='ltr'>Hor-</span> 
     </span>
     <span class='ocr_line' id='line_1_28' title="bbox 138 3283 1259 3366; baseline -0.001 -18"><span class='ocrx_word' id='word_1_235' title='bbox 138 3285 237 3349; x_wconf 75' lang='lat' dir='ltr'>mtade</span> <span class='ocrx_word' id='word_1_236' title='bbox 268 3285 311 3349; x_wconf 86' lang='lat' dir='ltr'>od</span> <span class='ocrx_word' id='word_1_237' title='bbox 341 3283 513 3361; x_wconf 63' lang='lat' dir='ltr'>Iustinum</span> <span class='ocrx_word' id='word_1_238' title='bbox 547 3303 626 3366; x_wconf 90' lang='lat' dir='ltr'>qnae</span> <span class='ocrx_word' id='word_1_239' title='bbox 659 3303 732 3349; x_wconf 92' lang='lat' dir='ltr'>cum</span> <span class='ocrx_word' id='word_1_240' title='bbox 764 3285 858 3351; x_wconf 88' lang='lat' dir='ltr'>etiam</span> <span class='ocrx_word' id='word_1_241' title='bbox 894 3285 926 3349; x_wconf 92' lang='lat' dir='ltr'>in</span> <span class='ocrx_word' id='word_1_242' title='bbox 964 3284 1207 3350; x_wconf 90' lang='lat' dir='ltr'>Ottobonianum</span> <span class='ocrx_word' id='word_1_243' title='bbox 1243 3305 1259 3347; x_wconf 89' lang='lat' dir='ltr'>o</span> 
     </span>
     <span class='ocr_line' id='line_1_29' title="bbox 138 3389 1259 3474; baseline -0.004 -18"><span class='ocrx_word' id='word_1_244' title='bbox 138 3390 347 3470; x_wconf 85' lang='lat' dir='ltr'>transiissent,</span> <span class='ocrx_word' id='word_1_245' title='bbox 375 3407 412 3454; x_wconf 90' lang='lat' dir='ltr'>ea</span> <span class='ocrx_word' id='word_1_246' title='bbox 437 3393 559 3467; x_wconf 82' lang='lat' dir='ltr'>manue,</span> <span class='ocrx_word' id='word_1_247' title='bbox 583 3389 620 3453; x_wconf 91' lang='lat' dir='ltr'>de</span> <span class='ocrx_word' id='word_1_248' title='bbox 644 3408 705 3471; x_wconf 88' lang='lat' dir='ltr'>qna</span> <span class='ocrx_word' id='word_1_249' title='bbox 726 3407 808 3454; x_wconf 90' lang='lat' dir='ltr'>nunc</span> <span class='ocrx_word' id='word_1_250' title='bbox 832 3389 966 3474; x_wconf 84' lang='lat' dir='ltr'>agimus,</span> <span class='ocrx_word' id='word_1_251' title='bbox 990 3389 1138 3473; x_wconf 87' lang='lat' dir='ltr'>adposuit</span> <span class='ocrx_word' id='word_1_252' title='bbox 1157 3392 1259 3464; x_wconf 67' lang='lat' dir='ltr'>accat</span> 
     </span>
     <span class='ocr_line' id='line_1_30' title="bbox 138 3488 1259 3589; baseline -0.005 -26"><span class='ocrx_word' id='word_1_253' title='bbox 138 3496 262 3563; x_wconf 89' lang='lat' dir='ltr'>scilicet</span> <span class='ocrx_word' id='word_1_254' title='bbox 282 3497 320 3559; x_wconf 88' lang='lat' dir='ltr'>ut</span> <span class='ocrx_word' id='word_1_255' title='bbox 341 3494 533 3580; x_wconf 87' lang='lat' dir='ltr'>significaret</span> <span class='ocrx_word' id='word_1_256' title='bbox 555 3514 573 3559; x_wconf 86' lang='lat' dir='ltr'>a</span> <span class='ocrx_word' id='word_1_257' title='bbox 590 3495 619 3558; x_wconf 93' lang='lat' dir='ltr'><strong>V</strong></span> <span class='ocrx_word' id='word_1_258' title='bbox 638 3495 733 3559; x_wconf 89' lang='lat' dir='ltr'>uerba</span> <span class='ocrx_word' id='word_1_259' title='bbox 749 3494 805 3589; x_wconf 83' lang='lat' dir='ltr'>illa</span> <span class='ocrx_word' id='word_1_260' title='bbox 823 3495 944 3560; x_wconf 90' lang='lat' dir='ltr'>abesse.</span> <span class='ocrx_word' id='word_1_261' title='bbox 970 3495 1138 3579; x_wconf 87' lang='lat' dir='ltr'>adscripsit</span> <span class='ocrx_word' id='word_1_262' title='bbox 1155 3488 1259 3559; x_wconf 81' lang='lat' dir='ltr'>antem</span> 
     </span>
     <span class='ocr_line' id='line_1_31' title="bbox 137 3600 1260 3684; baseline -0.003 -17"><span class='ocrx_word' id='word_1_263' title='bbox 137 3603 214 3667; x_wconf 90' lang='lat' dir='ltr'>haec</span> <span class='ocrx_word' id='word_1_264' title='bbox 238 3619 348 3666; x_wconf 91' lang='lat' dir='ltr'>manus</span> <span class='ocrx_word' id='word_1_265' title='bbox 370 3600 522 3665; x_wconf 89' lang='lat' dir='ltr'>lectiones</span> <span class='ocrx_word' id='word_1_266' title='bbox 546 3601 663 3665; x_wconf 90' lang='lat' dir='ltr'>codicis</span> <span class='ocrx_word' id='word_1_267' title='bbox 687 3601 715 3664; x_wconf 95' lang='lat' dir='ltr'><strong>V</strong></span> <span class='ocrx_word' id='word_1_268' title='bbox 737 3620 970 3684; x_wconf 86' lang='lat' dir='ltr'>nonnumquam</span> <span class='ocrx_word' id='word_1_269' title='bbox 995 3601 1088 3665; x_wconf 88' lang='lat' dir='ltr'>etiarn</span> <span class='ocrx_word' id='word_1_270' title='bbox 1107 3601 1152 3665; x_wconf 88' lang='lat' dir='ltr'>eis</span> <span class='ocrx_word' id='word_1_271' title='bbox 1170 3601 1260 3677; x_wconf 90' lang='lat' dir='ltr'>locis,</span> 
     </span>
     <span class='ocr_line' id='line_1_32' title="bbox 138 3706 1261 3778; baseline -0.003 -5"><span class='ocrx_word' id='word_1_272' title='bbox 138 3707 194 3773; x_wconf 91' lang='lat' dir='ltr'>ubi</span> <span class='ocrx_word' id='word_1_273' title='bbox 216 3707 245 3772; x_wconf 95' lang='lat' dir='ltr'><strong>V</strong></span> <span class='ocrx_word' id='word_1_274' title='bbox 266 3706 414 3772; x_wconf 90' lang='lat' dir='ltr'>mendum</span> <span class='ocrx_word' id='word_1_275' title='bbox 438 3707 589 3771; x_wconf 83' lang='lat' dir='ltr'>contraxit</span> <span class='ocrx_word' id='word_1_276' title='bbox 611 3707 666 3771; x_wconf 90' lang='lat' dir='ltr'>sed</span> <span class='ocrx_word' id='word_1_277' title='bbox 692 3726 768 3772; x_wconf 89' lang='lat' dir='ltr'>uera</span> <span class='ocrx_word' id='word_1_278' title='bbox 790 3708 886 3778; x_wconf 89' lang='lat' dir='ltr'>lectio</span> <span class='ocrx_word' id='word_1_279' title='bbox 914 3709 952 3772; x_wconf 90' lang='lat' dir='ltr'>ab</span> <span class='ocrx_word' id='word_1_280' title='bbox 980 3728 996 3769; x_wconf 90' lang='lat' dir='ltr'>c</span> <span class='ocrx_word' id='word_1_281' title='bbox 1023 3708 1086 3772; x_wconf 87' lang='lat' dir='ltr'>iam</span> <span class='ocrx_word' id='word_1_282' title='bbox 1113 3706 1261 3773; x_wconf 84' lang='lat' dir='ltr'>restituta</span> 
     </span>
     <span class='ocr_line' id='line_1_33' title="bbox 139 3812 1259 3896; baseline -0.003 -18"><span class='ocrx_word' id='word_1_283' title='bbox 139 3815 214 3890; x_wconf 88' lang='lat' dir='ltr'>erat,</span> <span class='ocrx_word' id='word_1_284' title='bbox 238 3812 329 3877; x_wconf 89' lang='lat' dir='ltr'>uelut</span> <span class='ocrx_word' id='word_1_285' title='bbox 352 3812 668 3896; x_wconf 66' lang='lat' dir='ltr'>1919ecrecrcbc&#39;lc&#39;sV</span> <span class='ocrx_word' id='word_1_286' title='bbox 687 3835 707 3876; x_wconf 89' lang='grc' dir='ltr'><strong><em>α</em></strong></span> <span class='ocrx_word' id='word_1_287' title='bbox 726 3815 757 3878; x_wconf 92' lang='lat' dir='ltr'>et</span> <span class='ocrx_word' id='word_1_288' title='bbox 775 3836 791 3878; x_wconf 90' lang='lat' dir='ltr'>o</span> <span class='ocrx_word' id='word_1_289' title='bbox 811 3833 907 3879; x_wconf 77' lang='lat' dir='ltr'>corr:</span> <span class='ocrx_word' id='word_1_290' title='bbox 931 3813 1110 3877; x_wconf 69' lang='lat' dir='ltr'>mecrcdiles</span> <span class='ocrx_word' id='word_1_291' title='bbox 1125 3815 1209 3878; x_wconf 89' lang='lat' dir='ltr'>recte</span> <span class='ocrx_word' id='word_1_292' title='bbox 1227 3835 1259 3888; x_wconf 90' lang='lat' dir='ltr'>o;</span> 
     </span>
     <span class='ocr_line' id='line_1_34' title="bbox 138 3917 1259 4003; baseline 0.001 -19"><span class='ocrx_word' id='word_1_293' title='bbox 138 3918 208 4003; x_wconf 81' lang='lat'>23„</span> <span class='ocrx_word' id='word_1_294' title='bbox 219 3917 310 3990; x_wconf 72' lang='lat' dir='ltr'>acilio</span> <span class='ocrx_word' id='word_1_295' title='bbox 319 3917 378 3982; x_wconf 81' lang='lat' dir='ltr'>Vc</span> <span class='ocrx_word' id='word_1_296' title='bbox 391 3920 423 3982; x_wconf 90' lang='lat' dir='ltr'>et</span> <span class='ocrx_word' id='word_1_297' title='bbox 437 3939 453 3979; x_wconf 87' lang='lat' dir='ltr'>o</span> <span class='ocrx_word' id='word_1_298' title='bbox 468 3937 562 3985; x_wconf 78' lang='lat' dir='ltr'>corr:</span> <span class='ocrx_word' id='word_1_299' title='bbox 577 3918 702 3982; x_wconf 81' lang='lat' dir='ltr'>acilium</span> <span class='ocrx_word' id='word_1_300' title='bbox 715 3922 799 3984; x_wconf 90' lang='lat' dir='ltr'>recto</span> <span class='ocrx_word' id='word_1_301' title='bbox 813 3941 840 3986; x_wconf 89' lang='grc' dir='ltr'>ο.</span> <span class='ocrx_word' id='word_1_302' title='bbox 876 3919 1040 3985; x_wconf 86' lang='lat' dir='ltr'>Accedunt</span> <span class='ocrx_word' id='word_1_303' title='bbox 1053 3919 1259 3985; x_wconf 86' lang='lat' dir='ltr'>correctiones</span> 
     </span>
     <span class='ocr_line' id='line_1_35' title="bbox 138 4023 1258 4112; baseline 0.004 -24"><span class='ocrx_word' id='word_1_304' title='bbox 138 4023 289 4107; x_wconf 89' lang='lat' dir='ltr'>quaedam</span> <span class='ocrx_word' id='word_1_305' title='bbox 318 4024 451 4090; x_wconf 89' lang='lat' dir='ltr'>alicuius</span> <span class='ocrx_word' id='word_1_306' title='bbox 479 4026 590 4090; x_wconf 88' lang='lat' dir='ltr'>tertiae</span> <span class='ocrx_word' id='word_1_307' title='bbox 617 4045 728 4091; x_wconf 88' lang='lat' dir='ltr'>manus</span> <span class='ocrx_word' id='word_1_308' title='bbox 756 4027 802 4110; x_wconf 89' lang='lat' dir='ltr'>(et</span> <span class='ocrx_word' id='word_1_309' title='bbox 828 4027 961 4093; x_wconf 84' lang='lat' dir='ltr'>fortasse</span> <span class='ocrx_word' id='word_1_310' title='bbox 989 4027 1084 4092; x_wconf 89' lang='lat' dir='ltr'>etiam</span> <span class='ocrx_word' id='word_1_311' title='bbox 1107 4025 1258 4112; x_wconf 84' lang='lat' dir='ltr'>quartae),</span> 
     </span>
    </p>
   </div>
   <div class='ocr_carea' id='block_1_4' title="bbox 136 4129 1257 4222">
    <p class='ocr_par' dir='ltr' id='par_1_4' title="bbox 136 4129 1257 4222">
     <span class='ocr_line' id='line_1_36' title="bbox 136 4129 1257 4222; baseline 0.003 -28"><span class='ocrx_word' id='word_1_312' title='bbox 136 4148 230 4213; x_wconf 89' lang='lat' dir='ltr'>quam</span> <span class='ocrx_word' id='word_1_313' title='bbox 262 4129 300 4195; x_wconf 89' lang='lat' dir='ltr'>ab</span> <span class='ocrx_word' id='word_1_314' title='bbox 332 4149 378 4208; x_wconf 88' lang='lat' dir='ltr'>ea,</span> <span class='ocrx_word' id='word_1_315' title='bbox 410 4147 505 4212; x_wconf 89' lang='lat' dir='ltr'>quam</span> <span class='ocrx_word' id='word_1_316' title='bbox 532 4131 668 4196; x_wconf 87' lang='lat' dir='ltr'>secundo</span> <span class='ocrx_word' id='word_1_317' title='bbox 696 4132 766 4198; x_wconf 93' lang='lat' dir='ltr'>loco</span> <span class='ocrx_word' id='word_1_318' title='bbox 794 4133 1046 4210; x_wconf 90' lang='lat' dir='ltr'>commemoraui,</span> <span class='ocrx_word' id='word_1_319' title='bbox 1074 4132 1257 4222; x_wconf 87' lang='lat' dir='ltr'>plerumque</span> 
     </span>
    </p>
   </div>
   <div class='ocr_carea' id='block_1_5' title="bbox 0 0 1456 4672">
    <p class='ocr_par' dir='ltr' id='par_1_5' title="bbox 0 0 1456 4672">
     <span class='ocr_line' id='line_1_37' title="bbox 0 0 1456 4672; baseline 0 3"><span class='ocrx_word' id='word_1_320' title='bbox 0 0 1456 4672; x_wconf 95' lang='lat' dir='ltr'> </span> 
     </span>
    </p>
   </div>
  </div>
 </body>
</html>
