2904 4672
169 257 234 321 420
373 250 475 306 Gelasii
492 252 513 306 1.
533 251 606 306 dicta
623 250 750 306 aduersus
768 251 942 321 Pelagianam
959 251 1090 306 haeresim

168 448 320 513 felicitate
353 451 503 522 constare,
528 447 690 528 discatque
718 445 784 511 sine
811 446 868 510 tali
895 446 1049 528 praesidio
1071 447 1142 511 inde
1166 448 1298 531 lapsam,

168 574 224 636 per
251 553 334 636 quod
357 553 524 617 instruitur
544 555 619 636 post
640 571 803 617 aerumnas
828 552 866 616 ad
890 553 1003 636 gaudia
1019 553 1120 617 redire
1136 557 1298 637 perpetua,

169 660 334 742 multoque
359 679 391 724 se
414 659 515 743 magis
538 658 730 724 incolumem
756 658 816 724 hoe
840 658 980 723 subsidio
1008 659 1117 723 durare
1143 659 1298 741 potuisse,

170 785 232 848 quo
260 785 320 831 non
349 765 451 829 solum
480 763 519 828 ad
547 764 712 829 creationis
741 782 816 828 suae
842 764 1004 828 reducitur
1029 765 1211 830 institutum
1245 766 1299 831 sed

118 867 159 931 48
169 872 209 937 ad
228 872 363 936 caeleste
380 873 581 952 praeparatur
598 870 822 934 habitaculum.
876 870 951 937 huie¹
970 874 1074 935 autem
1094 872 1299 953 disputationi
1326 893 1337 934 r

169 980 349 1064 nullatenus
378 977 562 1041 aestimetur
588 995 658 1041 esse
686 975 884 1053 contrarium,
913 977 997 1059 quod
1022 979 1054 1041 in
1082 978 1216 1059 epistola
1243 998 1300 1042 sua

170 1086 283 1150 beatus
301 1083 455 1148 Iohannes
476 1082 638 1165 apostolus
657 1086 690 1146 et
712 1083 907 1165 euangelista
930 1083 1092 1148 disseruit:
1118 1085 1210 1166 quia
1234 1084 1300 1166 qui

170 1195 288 1256 natus
317 1194 379 1254 est
406 1208 447 1253 ex
475 1188 560 1265 deo,
585 1207 657 1252 non
681 1190 836 1271 peccat,
861 1191 897 1252 ut
920 1209 954 1253 ex
978 1191 1037 1254 hoo
1060 1190 1219 1269 uidelicet,
1244 1192 1299 1275 qui

170 1296 342 1381 regenerati
375 1298 457 1371 sunt,
490 1314 549 1358 non
583 1313 712 1377 peccare
745 1294 920 1360 credantur.
953 1295 1035 1378 quod
1066 1295 1176 1378 utiquo
1208 1298 1236 1361 si
1264 1318 1298 1363 eo

171 1422 275 1480 senso,
293 1401 377 1465 sicut
396 1400 520 1483 quidam
540 1419 600 1463 non
620 1403 704 1463 recte
718 1399 893 1464 iudicantes
908 1400 1104 1480 arbitrantur,
1119 1403 1169 1466 uir
1183 1405 1302 1488 magni·
1319 1427 1340 1466 ιο

171 1511 249 1574 ficus
285 1508 339 1572 ille
375 1506 583 1590 promisisset,
611 1506 832 1570 uniuersaliter
858 1505 978 1587 utique,
1007 1508 1137 1589 quisque
1174 1514 1300 1576 renatus

119 1612 265 1691 coesset,
293 1614 357 1677 iam
379 1631 507 1695 peccare
530 1631 589 1676 non
614 1614 732 1692 posset.
800 1611 911 1676 deinde
934 1615 1041 1676 contra
1062 1614 1143 1678 hunc
1168 1616 1301 1681 eundem

172 1720 350 1803 apostolum
387 1717 502 1783 sentire
539 1717 743 1795 conuincitur,
780 1718 807 1780 si
844 1718 914 1800 quis
951 1719 1009 1783 hoc
1047 1738 1117 1783 eum
1155 1721 1301 1787 definisse

170 1825 355 1911 praetendit.
388 1824 472 1888 idem
504 1825 618 1906 quippe
651 1823 728 1889 dicit
759 1823 849 1888 alibi:
884 1825 917 1888 si
950 1824 1180 1904 dixerimus,
1205 1827 1301 1908 quia

171 1933 380 2016 peccatum
407 1949 480 1994 non
509 1930 716 2008 habemus,
749 1948 818 1994 nos
851 1931 964 2012 ipsos
997 1931 1229 1997 seducimus
1263 1938 1338 1998 eta

172 2038 329 2103 ueritas
361 2036 400 2100 in
432 2036 550 2100 nobis
578 2054 650 2099 non
680 2039 757 2113 est,
787 2036 976 2101 etiterum:
1005 2037 1039 2102 si
1067 2037 1300 2117 dixerimus,

173 2146 268 2227 quia
290 2162 365 2208 non
388 2141 666 2226 peccauimus,
690 2142 916 2206 mendacem
938 2142 1133 2212 faciemus
1158 2151 1304 2210 sumet

172 2250 335 2324 uerbum
359 2249 445 2312 eius
469 2267 541 2313 non
567 2247 645 2312 erit
667 2247 702 2312 in
726 2248 852 2314 nobis.
877 2251 908 2312 et
930 2247 1038 2330 utique
1062 2249 1120 2314 hoc
1142 2252 1252 2316 tantus
1272 2255 1303 2315 et

172 2357 244 2422 talis
283 2356 405 2420 dicebat
437 2354 610 2437 apostolus,
644 2353 735 2418 cuius
767 2352 795 2418 si
828 2353 897 2436 quis
929 2354 1081 2436 potiorem
1114 2375 1148 2420 se
1180 2358 1301 2422 meritis

97 2515 100 2522 .
173 2463 336 2528 aestimare
365 2459 534 2537 contendit,
563 2461 631 2543 ipse
660 2459 766 2524 uideat
789 2464 970 2543 canentque,
994 2481 1031 2526 ne
1053 2462 1172 2527 incidat
1194 2464 1299 2529 morti·
1315 2486 1336 2525 ro

172 2571 255 2634 serae
285 2566 552 2652 praecipitationis
585 2566 762 2649 abruptum.
794 2571 877 2632 corte
909 2568 991 2632 enim
1022 2568 1100 2651 ipse,
1133 2569 1188 2650 qui
1226 2570 1302 2634 haec

173 2675 306 2750 dicebat,
340 2691 377 2737 en
407 2672 464 2736 deo
494 2673 602 2754 utique
637 2675 730 2736 natus
762 2677 829 2737 erat
861 2676 892 2737 et
918 2676 1023 2738 tamen
1052 2674 1185 2739 docebat
1211 2678 1302 2756 atque

172 2780 373 2864 praedicabat
402 2778 523 2842 dicens:
553 2779 587 2842 si
615 2777 834 2842 dixerimus
867 2780 960 2860 quia
990 2783 1198 2863 peceatum
1231 2801 1301 2845 non

172 2888 364 2952 habemus
387 2903 457 2948 nos
480 2884 593 2967 ipsos
617 2883 848 2949 seducimus
872 2888 904 2949 et
926 2887 1300 2969 cetera‚quaesupe1·ius

122 2993 164 3056 50
174 2992 387 3074 conprehensa
415 2994 498 3054 sunt.
568 2989 624 3054 sed
652 2990 787 3072 qualiter
813 3009 942 3073 peecare
969 3009 1028 3055 non
1057 2991 1168 3073 possit,
1194 2993 1247 3074 qui
1269 3012 1336 3059 exa

174 3099 231 3165 deo
272 3097 421 3172 nascitur,
466 3097 534 3179 ipse
579 3096 683 3178 potius
729 3095 779 3159 uir
823 3096 880 3161 deo
925 3099 1035 3180 plenus
1082 3101 1222 3180 exponet.
1269 3098 1301 3162 si

175 3205 396 3268 dixerimus
423 3203 536 3285 inquit,
567 3202 658 3284 quia
680 3221 752 3266 non
773 3203 1051 3284 peccauimus,
1074 3205 1299 3269 mendacem

174 3310 370 3374 iaciemus
399 3328 500 3384 eum;
534 3306 637 3389 quod
661 3308 692 3373 si
716 3309 894 3374 confossi
922 3308 1121 3373 fuerimus
1150 3308 1300 3375 delicta

174 3420 331 3490 nostra,
361 3413 505 3484 fidelis
538 3417 600 3479 est
634 3417 671 3478 et
698 3414 850 3493 iustus,
880 3416 947 3497 qui
975 3415 1158 3480 dimittat
1186 3417 1298 3483 nobis

175 3523 341 3605 peccata
365 3524 403 3585 et
424 3520 588 3584 mundet
609 3540 680 3586 nos
705 3521 749 3585 ab
774 3521 877 3585 omni
895 3521 1126 3605 iniquitate.
1142 3522 1333 3605 patefacito

176 3628 342 3710 quomodo,
367 3627 419 3709 qui
444 3647 479 3691 ex
502 3627 558 3691 deo
583 3627 730 3704 nascitur,
753 3646 882 3709 peceare
905 3649 965 3693 non
988 3628 1099 3712 possit,
1123 3632 1161 3692 ut
1184 3630 1300 3694 scilicet

264 3851 484 3915 710n.15,18
548 3850 842 3916 roconodinus
907 3854 939 3907 16
957 3853 1022 3908 ibid.
1042 3854 1066 3918 1,
1087 3853 1120 3907 10
1187 3856 1220 3910 26
1238 3854 1298 3908 ibid.

177 3940 336 4005 l,10et9

213 4063 333 4117 ldiscat
351 4079 402 4133 que
424 4063 451 4117 V
519 4062 589 4117 4ad
607 4081 633 4116 o:
653 4080 669 4116 a
690 4063 728 4117 Vv
787 4062 817 4128 ll
842 4066 1046 4134 prompsisseto
1139 4068 1260 4136 quisquis
1278 4063 1302 4118 0²

177 4152 211 4206 20
223 4152 281 4214 <in>
292 4150 445 4206 mortiferae
463 4152 565 4205 Bittius
