<?xml version="1.0" encoding="UTF-8"?>
<!DOCTYPE html PUBLIC "-//W3C//DTD XHTML 1.0 Transitional//EN"
    "http://www.w3.org/TR/xhtml1/DTD/xhtml1-transitional.dtd">
<html xmlns="http://www.w3.org/1999/xhtml" xml:lang="en" lang="en">
 <head>
  <title>
</title>
<meta http-equiv="Content-Type" content="text/html;charset=utf-8" />
  <meta name='ocr-system' content='tesseract 3.04.00' />
  <meta name='ocr-capabilities' content='ocr_page ocr_carea ocr_par ocr_line ocrx_word'/>
</head>
<body>
  <div class='ocr_page' id='page_1' title='image "./epistulaeimpera01gngoog_0194.png"; bbox 0 0 2904 4672; ppageno 0'>
   <div class='ocr_carea' id='block_1_1' title="bbox 491 197 1305 272">
    <p class='ocr_par' dir='ltr' id='par_1_1' title="bbox 491 197 1305 272">
     <span class='ocr_line' id='line_1_1' title="bbox 491 197 1305 272; baseline 0.021 -16"><span class='ocrx_word' id='word_1_1' title='bbox 491 201 578 272; x_wconf 75' lang='lat' dir='ltr'>upra.</span> <span class='ocrx_word' id='word_1_2' title='bbox 596 202 734 257; x_wconf 82' lang='lat' dir='ltr'>xxxvru</span> <span class='ocrx_word' id='word_1_3' title='bbox 753 204 769 257; x_wconf 82' lang='lat' dir='ltr'>a</span> <span class='ocrx_word' id='word_1_4' title='bbox 787 201 949 257; x_wconf 19' lang='lat' dir='ltr'>-wxxxrx</span> <span class='ocrx_word' id='word_1_5' title='bbox 966 205 990 259; x_wconf 85' lang='lat'>5.</span> <span class='ocrx_word' id='word_1_6' title='bbox 1219 197 1223 205; x_wconf 81' lang='grc'><strong>’</strong></span> <span class='ocrx_word' id='word_1_7' title='bbox 1264 209 1305 272; x_wconf 78' lang='lat' dir='ltr'>eo</span> 
     </span>
    </p>
   </div>
   <div class='ocr_carea' id='block_1_2' title="bbox 136 395 1408 3549">
    <p class='ocr_par' dir='ltr' id='par_1_2' title="bbox 155 395 1350 1328">
     <span class='ocr_line' id='line_1_2' title="bbox 183 395 1307 488; baseline 0.004 -27"><span class='ocrx_word' id='word_1_8' title='bbox 183 395 286 481; x_wconf 82' lang='lat' dir='ltr'>magis</span> <span class='ocrx_word' id='word_1_9' title='bbox 309 415 366 462; x_wconf 90' lang='lat' dir='ltr'>uos</span> <span class='ocrx_word' id='word_1_10' title='bbox 389 415 448 461; x_wconf 93' lang='lat' dir='ltr'>sua</span> <span class='ocrx_word' id='word_1_11' title='bbox 470 415 562 478; x_wconf 89' lang='lat' dir='ltr'>quam</span> <span class='ocrx_word' id='word_1_12' title='bbox 599 399 699 463; x_wconf 89' lang='lat' dir='ltr'>errata</span> <span class='ocrx_word' id='word_1_13' title='bbox 730 396 902 463; x_wconf 75' lang='lat' dir='ltr'>delectent:</span> <span class='ocrx_word' id='word_1_14' title='bbox 933 397 1049 464; x_wconf 86' lang='lat' dir='ltr'>idcirco</span> <span class='ocrx_word' id='word_1_15' title='bbox 1082 399 1307 488; x_wconf 77' lang='lat' dir='ltr'>perennitatem</span> 
     </span>
     <span class='ocr_line' id='line_1_3' title="bbox 184 498 1306 588; baseline 0.004 -21"><span class='ocrx_word' id='word_1_16' title='bbox 184 505 271 571; x_wconf 86' lang='lat' dir='ltr'>tuam</span> <span class='ocrx_word' id='word_1_17' title='bbox 286 501 475 568; x_wconf 81' lang='lat' dir='ltr'>credidimus</span> <span class='ocrx_word' id='word_1_18' title='bbox 490 502 755 581; x_wconf 87' lang='lat' dir='ltr'>commonendam,</span> <span class='ocrx_word' id='word_1_19' title='bbox 770 505 807 568; x_wconf 90' lang='lat' dir='ltr'>ut</span> <span class='ocrx_word' id='word_1_20' title='bbox 827 503 1020 588; x_wconf 81' lang='lat' dir='ltr'>introspecta</span> <span class='ocrx_word' id='word_1_21' title='bbox 1031 505 1150 571; x_wconf 89' lang='lat' dir='ltr'>ratione</span> <span class='ocrx_word' id='word_1_22' title='bbox 1171 498 1306 572; x_wconf 91' lang='lat' dir='ltr'>numinis</span> 
     </span>
     <span class='ocr_line' id='line_1_4' title="bbox 184 605 1307 696; baseline 0.003 -22"><span class='ocrx_word' id='word_1_23' title='bbox 184 607 305 674; x_wconf 90' lang='lat' dir='ltr'>summi</span> <span class='ocrx_word' id='word_1_24' title='bbox 324 610 356 673; x_wconf 92' lang='lat' dir='ltr'>et</span> <span class='ocrx_word' id='word_1_25' title='bbox 377 606 553 674; x_wconf 89' lang='lat' dir='ltr'>maiestatis</span> <span class='ocrx_word' id='word_1_26' title='bbox 575 605 675 691; x_wconf 86' lang='lat' dir='ltr'>ipsius</span> <span class='ocrx_word' id='word_1_27' title='bbox 688 638 689 641; x_wconf 37' lang='lat'>¹</span> <span class='ocrx_word' id='word_1_28' title='bbox 704 608 898 674; x_wconf 88' lang='lat' dir='ltr'>considerata</span> <span class='ocrx_word' id='word_1_29' title='bbox 928 610 1077 693; x_wconf 87' lang='lat' dir='ltr'>potentia,</span> <span class='ocrx_word' id='word_1_30' title='bbox 1110 610 1185 693; x_wconf 90' lang='lat' dir='ltr'>quid</span> <span class='ocrx_word' id='word_1_31' title='bbox 1216 630 1307 696; x_wconf 81' lang='lat' dir='ltr'>agere</span> 
     </span>
     <span class='ocr_line' id='line_1_5' title="bbox 178 713 1350 802; baseline 0.005 -22"><span class='ocrx_word' id='word_1_32' title='bbox 178 714 307 793; x_wconf 89' lang='lat' dir='ltr'>debeas,</span> <span class='ocrx_word' id='word_1_33' title='bbox 332 714 468 779; x_wconf 89' lang='lat' dir='ltr'>sollicita</span> <span class='ocrx_word' id='word_1_34' title='bbox 489 717 593 779; x_wconf 87' lang='lat' dir='ltr'>mente</span> <span class='ocrx_word' id='word_1_35' title='bbox 621 713 806 798; x_wconf 86' lang='lat' dir='ltr'>perpendas.</span> <span class='ocrx_word' id='word_1_36' title='bbox 874 715 965 781; x_wconf 90' lang='lat' dir='ltr'>audio</span> <span class='ocrx_word' id='word_1_37' title='bbox 995 716 1076 781; x_wconf 91' lang='lat' dir='ltr'>enim</span> <span class='ocrx_word' id='word_1_38' title='bbox 1109 716 1194 802; x_wconf 86' lang='lat' dir='ltr'>(nam</span> <span class='ocrx_word' id='word_1_39' title='bbox 1223 716 1350 786; x_wconf 74' lang='lat' dir='ltr'>samad</span> 
     </span>
     <span class='ocr_line' id='line_1_6' title="bbox 155 819 1306 909; baseline 0.005 -26"><span class='ocrx_word' id='word_1_40' title='bbox 155 828 244 886; x_wconf 77' lang='lat' dir='ltr'>enon</span> <span class='ocrx_word' id='word_1_41' title='bbox 271 819 391 903; x_wconf 88' lang='lat' dir='ltr'>patitur</span> <span class='ocrx_word' id='word_1_42' title='bbox 423 820 583 897; x_wconf 86' lang='lat' dir='ltr'>occultari,</span> <span class='ocrx_word' id='word_1_43' title='bbox 619 820 802 904; x_wconf 89' lang='lat' dir='ltr'>praesertim</span> <span class='ocrx_word' id='word_1_44' title='bbox 838 820 921 904; x_wconf 90' lang='lat' dir='ltr'>quod</span> <span class='ocrx_word' id='word_1_45' title='bbox 957 824 1067 905; x_wconf 84' lang='lat' dir='ltr'>agatur</span> <span class='ocrx_word' id='word_1_46' title='bbox 1096 821 1128 886; x_wconf 90' lang='lat' dir='ltr'>in</span> <span class='ocrx_word' id='word_1_47' title='bbox 1159 822 1306 909; x_wconf 90' lang='lat' dir='ltr'>populos)</span> 
     </span>
     <span class='ocr_line' id='line_1_7' title="bbox 182 924 1306 1015; baseline 0.003 -26"><span class='ocrx_word' id='word_1_48' title='bbox 182 925 274 991; x_wconf 92' lang='lat' dir='ltr'>nouis</span> <span class='ocrx_word' id='word_1_49' title='bbox 297 924 481 991; x_wconf 90' lang='lat' dir='ltr'>clementiae</span> <span class='ocrx_word' id='word_1_50' title='bbox 504 928 577 1015; x_wconf 88' lang='lat' dir='ltr'>tuae</span> <span class='ocrx_word' id='word_1_51' title='bbox 601 925 713 991; x_wconf 89' lang='lat' dir='ltr'>edictis</span> <span class='ocrx_word' id='word_1_52' title='bbox 729 926 878 991; x_wconf 84' lang='lat' dir='ltr'>ecclesiis</span> <span class='ocrx_word' id='word_1_53' title='bbox 901 927 1072 992; x_wconf 73' lang='lat' dir='ltr'>catholicin</span> <span class='ocrx_word' id='word_1_54' title='bbox 1088 928 1155 994; x_wconf 89' lang='lat' dir='ltr'>uim</span> <span class='ocrx_word' id='word_1_55' title='bbox 1185 928 1306 993; x_wconf 89' lang='lat' dir='ltr'>illatam</span> 
     </span>
     <span class='ocr_line' id='line_1_8' title="bbox 182 1030 1305 1117; baseline 0.003 -22"><span class='ocrx_word' id='word_1_56' title='bbox 182 1031 292 1109; x_wconf 86' lang='lat' dir='ltr'>fuisse,</span> <span class='ocrx_word' id='word_1_57' title='bbox 316 1030 451 1096; x_wconf 82' lang='lat' dir='ltr'>obsideri</span> <span class='ocrx_word' id='word_1_58' title='bbox 464 1031 495 1096; x_wconf 92' lang='lat' dir='ltr'>in</span> <span class='ocrx_word' id='word_1_59' title='bbox 509 1030 650 1097; x_wconf 80' lang='lat' dir='ltr'>basilicis</span> <span class='ocrx_word' id='word_1_60' title='bbox 665 1031 852 1111; x_wconf 86' lang='lat' dir='ltr'>sacerdotes,</span> <span class='ocrx_word' id='word_1_61' title='bbox 866 1033 999 1098; x_wconf 90' lang='lat' dir='ltr'>multam</span> <span class='ocrx_word' id='word_1_62' title='bbox 1014 1052 1083 1099; x_wconf 86' lang='lat' dir='ltr'>esse</span> <span class='ocrx_word' id='word_1_63' title='bbox 1103 1034 1305 1117; x_wconf 88' lang='lat' dir='ltr'>propositam,</span> 
     </span>
     <span class='ocr_line' id='line_1_9' title="bbox 181 1136 1306 1222; baseline 0.005 -22"><span class='ocrx_word' id='word_1_64' title='bbox 181 1139 313 1220; x_wconf 86' lang='lat' dir='ltr'>poenam</span> <span class='ocrx_word' id='word_1_65' title='bbox 338 1136 449 1221; x_wconf 87' lang='lat' dir='ltr'>capitis</span> <span class='ocrx_word' id='word_1_66' title='bbox 473 1137 626 1203; x_wconf 87' lang='lat' dir='ltr'>adiectam</span> <span class='ocrx_word' id='word_1_67' title='bbox 650 1139 682 1202; x_wconf 89' lang='lat' dir='ltr'>et</span> <span class='ocrx_word' id='word_1_68' title='bbox 703 1137 807 1222; x_wconf 82' lang='lat' dir='ltr'>legem</span> <span class='ocrx_word' id='word_1_69' title='bbox 823 1138 1061 1204; x_wconf 89' lang='lat' dir='ltr'>sanctissimam</span> <span class='ocrx_word' id='word_1_70' title='bbox 1084 1139 1149 1205; x_wconf 87' lang='lat' dir='ltr'>sub</span> <span class='ocrx_word' id='word_1_71' title='bbox 1181 1140 1306 1206; x_wconf 92' lang='lat' dir='ltr'>nomine</span> 
     </span>
     <span class='ocr_line' id='line_1_10' title="bbox 181 1241 1306 1328; baseline 0.003 -21"><span class='ocrx_word' id='word_1_72' title='bbox 181 1242 295 1309; x_wconf 90' lang='lat' dir='ltr'>nescio·</span> <span class='ocrx_word' id='word_1_73' title='bbox 312 1243 403 1308; x_wconf 88' lang='lat' dir='ltr'>cuius</span> <span class='ocrx_word' id='word_1_74' title='bbox 424 1242 505 1328; x_wconf 81' lang='lat' dir='ltr'>legis</span> <span class='ocrx_word' id='word_1_75' title='bbox 528 1241 637 1308; x_wconf 83' lang='lat' dir='ltr'>auerti.</span> <span class='ocrx_word' id='word_1_76' title='bbox 704 1243 764 1308; x_wconf 88' lang='lat' dir='ltr'>hoc</span> <span class='ocrx_word' id='word_1_77' title='bbox 786 1263 879 1326; x_wconf 88' lang='lat' dir='ltr'>quarn</span> <span class='ocrx_word' id='word_1_78' title='bbox 903 1263 997 1328; x_wconf 85' lang='lat' dir='ltr'>graue</span> <span class='ocrx_word' id='word_1_79' title='bbox 1029 1243 1081 1323; x_wconf 93' lang='lat' dir='ltr'>sit,</span> <span class='ocrx_word' id='word_1_80' title='bbox 1113 1245 1231 1328; x_wconf 89' lang='lat' dir='ltr'>poteris</span> <span class='ocrx_word' id='word_1_81' title='bbox 1261 1246 1306 1310; x_wconf 90' lang='lat' dir='ltr'>in·</span> 
     </span>
    </p>

    <p class='ocr_par' dir='ltr' id='par_1_3' title="bbox 143 1347 1307 1857">
     <span class='ocr_line' id='line_1_11' title="bbox 143 1347 1306 1435; baseline 0.005 -25"><span class='ocrx_word' id='word_1_82' title='bbox 143 1372 165 1412; x_wconf 80' lang='lat' dir='ltr'>ro</span> <span class='ocrx_word' id='word_1_83' title='bbox 181 1349 274 1426; x_wconf 88' lang='lat' dir='ltr'>tueri,</span> <span class='ocrx_word' id='word_1_84' title='bbox 298 1349 326 1414; x_wconf 88' lang='lat' dir='ltr'>si</span> <span class='ocrx_word' id='word_1_85' title='bbox 354 1348 404 1415; x_wconf 91' lang='lat' dir='ltr'>dei</span> <span class='ocrx_word' id='word_1_86' title='bbox 439 1347 688 1435; x_wconf 79' lang='lat' dir='ltr'>magnitudinem</span> <span class='ocrx_word' id='word_1_87' title='bbox 722 1347 860 1415; x_wconf 87' lang='lat' dir='ltr'>uolueris</span> <span class='ocrx_word' id='word_1_88' title='bbox 897 1350 1044 1432; x_wconf 84' lang='lat' dir='ltr'>cogitare.</span> <span class='ocrx_word' id='word_1_89' title='bbox 1082 1351 1241 1431; x_wconf 89' lang='lat' dir='ltr'>erubesco,</span> <span class='ocrx_word' id='word_1_90' title='bbox 1279 1353 1306 1416; x_wconf 92' lang='lat' dir='ltr'>si</span> 
     </span>
     <span class='ocr_line' id='line_1_12' title="bbox 182 1454 1307 1537; baseline 0.004 -18"><span class='ocrx_word' id='word_1_91' title='bbox 182 1474 276 1537; x_wconf 91' lang='lat' dir='ltr'>quam</span> <span class='ocrx_word' id='word_1_92' title='bbox 299 1454 465 1520; x_wconf 86' lang='lat' dir='ltr'>crediderit</span> <span class='ocrx_word' id='word_1_93' title='bbox 486 1455 636 1520; x_wconf 86' lang='lat' dir='ltr'>serenitas</span> <span class='ocrx_word' id='word_1_94' title='bbox 666 1457 722 1519; x_wconf 89' lang='lat' dir='ltr'>tua</span> <span class='ocrx_word' id='word_1_95' title='bbox 757 1458 896 1521; x_wconf 86' lang='lat' dir='ltr'>astruere</span> <span class='ocrx_word' id='word_1_96' title='bbox 933 1457 1049 1522; x_wconf 90' lang='lat' dir='ltr'>uellem</span> <span class='ocrx_word' id='word_1_97' title='bbox 1084 1457 1237 1523; x_wconf 90' lang='lat' dir='ltr'>rationem</span> <span class='ocrx_word' id='word_1_98' title='bbox 1275 1460 1307 1524; x_wconf 90' lang='lat' dir='ltr'>et</span> 
     </span>
     <span class='ocr_line' id='line_1_13' title="bbox 182 1559 1305 1646; baseline 0.004 -22"><span class='ocrx_word' id='word_1_99' title='bbox 182 1559 231 1625; x_wconf 91' lang='lat' dir='ltr'>dei</span> <span class='ocrx_word' id='word_1_100' title='bbox 254 1579 346 1646; x_wconf 83' lang='lat' dir='ltr'>agere</span> <span class='ocrx_word' id='word_1_101' title='bbox 370 1578 506 1626; x_wconf 90' lang='lat' dir='ltr'>causam.</span> <span class='ocrx_word' id='word_1_102' title='bbox 530 1559 604 1643; x_wconf 91' lang='lat' dir='ltr'>quid</span> <span class='ocrx_word' id='word_1_103' title='bbox 630 1559 721 1638; x_wconf 90' lang='lat' dir='ltr'>enim,</span> <span class='ocrx_word' id='word_1_104' title='bbox 746 1559 773 1625; x_wconf 95' lang='lat' dir='ltr'>si</span> <span class='ocrx_word' id='word_1_105' title='bbox 796 1559 855 1625; x_wconf 90' lang='lat' dir='ltr'>hoc</span> <span class='ocrx_word' id='word_1_106' title='bbox 886 1561 990 1625; x_wconf 92' lang='lat' dir='ltr'>solum</span> <span class='ocrx_word' id='word_1_107' title='bbox 1023 1564 1130 1628; x_wconf 80' lang='lat' dir='ltr'>esset?</span> <span class='ocrx_word' id='word_1_108' title='bbox 1162 1562 1305 1636; x_wconf 81' lang='lat' dir='ltr'>sienim</span> 
     </span>
     <span class='ocr_line' id='line_1_14' title="bbox 180 1665 1304 1755; baseline 0.003 -24"><span class='ocrx_word' id='word_1_109' title='bbox 180 1666 243 1731; x_wconf 91' lang='lat' dir='ltr'>iam</span> <span class='ocrx_word' id='word_1_110' title='bbox 265 1686 321 1749; x_wconf 90' lang='lat' dir='ltr'>per</span> <span class='ocrx_word' id='word_1_111' title='bbox 336 1669 391 1755; x_wconf 90' lang='lat' dir='ltr'>tot</span> <span class='ocrx_word' id='word_1_112' title='bbox 412 1667 538 1732; x_wconf 90' lang='lat' dir='ltr'>saecula</span> <span class='ocrx_word' id='word_1_113' title='bbox 561 1665 675 1732; x_wconf 88' lang='lat' dir='ltr'>coalita</span> <span class='ocrx_word' id='word_1_114' title='bbox 697 1668 729 1730; x_wconf 90' lang='lat' dir='ltr'>et</span> <span class='ocrx_word' id='word_1_115' title='bbox 751 1665 932 1732; x_wconf 84' lang='lat' dir='ltr'>confirmata</span> <span class='ocrx_word' id='word_1_116' title='bbox 956 1670 1105 1745; x_wconf 90' lang='lat' dir='ltr'>mutares,</span> <span class='ocrx_word' id='word_1_117' title='bbox 1131 1687 1304 1752; x_wconf 59' lang='lat' dir='ltr'>‘paruamne</span> 
     </span>
     <span class='ocr_line' id='line_1_15' title="bbox 181 1769 1305 1857; baseline 0.002 -19"><span class='ocrx_word' id='word_1_118' title='bbox 181 1772 313 1838; x_wconf 87' lang='lat' dir='ltr'>excitare</span> <span class='ocrx_word' id='word_1_119' title='bbox 337 1770 523 1837; x_wconf 89' lang='lat' dir='ltr'>discordiam</span> <span class='ocrx_word' id='word_1_120' title='bbox 548 1769 721 1835; x_wconf 79' lang='lat' dir='ltr'>uidereris?</span> <span class='ocrx_word' id='word_1_121' title='bbox 743 1771 821 1855; x_wconf 87' lang='lat' dir='ltr'>ipsis</span> <span class='ocrx_word' id='word_1_122' title='bbox 852 1771 996 1837; x_wconf 90' lang='lat' dir='ltr'>humanis</span> <span class='ocrx_word' id='word_1_123' title='bbox 1027 1772 1151 1857; x_wconf 83' lang='lat' dir='ltr'>legibus</span> <span class='ocrx_word' id='word_1_124' title='bbox 1182 1775 1214 1838; x_wconf 91' lang='lat' dir='ltr'>in</span> <span class='ocrx_word' id='word_1_125' title='bbox 1246 1775 1305 1840; x_wconf 87' lang='lat' dir='ltr'>lrac</span> 
     </span>
    </p>

    <p class='ocr_par' dir='ltr' id='par_1_4' title="bbox 136 1876 1408 2386">
     <span class='ocr_line' id='line_1_16' title="bbox 136 1876 1303 1945; baseline 0.001 -1"><span class='ocrx_word' id='word_1_126' title='bbox 136 1903 162 1944; x_wconf 77' lang='lat' dir='ltr'>rr</span> <span class='ocrx_word' id='word_1_127' title='bbox 180 1877 372 1943; x_wconf 86' lang='lat' dir='ltr'>mortalitate</span> <span class='ocrx_word' id='word_1_128' title='bbox 395 1876 491 1941; x_wconf 90' lang='lat' dir='ltr'>habet</span> <span class='ocrx_word' id='word_1_129' title='bbox 524 1880 631 1941; x_wconf 91' lang='lat' dir='ltr'>nostra</span> <span class='ocrx_word' id='word_1_130' title='bbox 665 1877 871 1942; x_wconf 88' lang='lat' dir='ltr'>reuerentiam</span> <span class='ocrx_word' id='word_1_131' title='bbox 907 1878 1100 1944; x_wconf 89' lang='lat' dir='ltr'>consuetudo</span> <span class='ocrx_word' id='word_1_132' title='bbox 1137 1882 1169 1945; x_wconf 90' lang='lat' dir='ltr'>et</span> <span class='ocrx_word' id='word_1_133' title='bbox 1203 1879 1235 1944; x_wconf 92' lang='lat' dir='ltr'>in</span> <span class='ocrx_word' id='word_1_134' title='bbox 1270 1900 1303 1945; x_wconf 91' lang='lat' dir='ltr'>re</span> 
     </span>
     <span class='ocr_line' id='line_1_17' title="bbox 179 1982 1368 2076; baseline 0.003 -27"><span class='ocrx_word' id='word_1_135' title='bbox 179 1984 243 2049; x_wconf 91' lang='lat' dir='ltr'>iam</span> <span class='ocrx_word' id='word_1_136' title='bbox 265 1985 393 2049; x_wconf 90' lang='lat' dir='ltr'>uetusta</span> <span class='ocrx_word' id='word_1_137' title='bbox 415 1985 507 2066; x_wconf 89' lang='lat' dir='ltr'>atque</span> <span class='ocrx_word' id='word_1_138' title='bbox 529 1982 649 2048; x_wconf 88' lang='lat' dir='ltr'>usitata</span> <span class='ocrx_word' id='word_1_139' title='bbox 670 1983 790 2066; x_wconf 92' lang='lat' dir='ltr'>aliquid</span> <span class='ocrx_word' id='word_1_140' title='bbox 812 2002 930 2049; x_wconf 90' lang='lat' dir='ltr'>nouum</span> <span class='ocrx_word' id='word_1_141' title='bbox 961 1983 1075 2049; x_wconf 87' lang='lat' dir='ltr'>fecisse</span> <span class='ocrx_word' id='word_1_142' title='bbox 1105 1985 1303 2069; x_wconf 89' lang='lat' dir='ltr'>reprehensio</span> <span class='ocrx_word' id='word_1_143' title='bbox 1366 2071 1368 2076; x_wconf 23' lang='grc' dir='ltr'>Ι</span> 
     </span>
     <span class='ocr_line' id='line_1_18' title="bbox 181 2089 1346 2172; baseline 0.003 -17"><span class='ocrx_word' id='word_1_144' title='bbox 181 2093 240 2156; x_wconf 89' lang='lat' dir='ltr'>est.</span> <span class='ocrx_word' id='word_1_145' title='bbox 296 2089 389 2155; x_wconf 87' lang='lat' dir='ltr'>Italia</span> <span class='ocrx_word' id='word_1_146' title='bbox 411 2089 515 2155; x_wconf 90' lang='lat' dir='ltr'>omnis·</span> <span class='ocrx_word' id='word_1_147' title='bbox 535 2092 629 2172; x_wconf 89' lang='lat' dir='ltr'>atque</span> <span class='ocrx_word' id='word_1_148' title='bbox 650 2089 756 2155; x_wconf 81' lang='lat' dir='ltr'>Africa</span> <span class='ocrx_word' id='word_1_149' title='bbox 777 2091 836 2156; x_wconf 91' lang='lat' dir='ltr'>hoc</span> <span class='ocrx_word' id='word_1_150' title='bbox 859 2093 1051 2156; x_wconf 87' lang='lat' dir='ltr'>sacramento</span> <span class='ocrx_word' id='word_1_151' title='bbox 1075 2091 1221 2170; x_wconf 88' lang='lat' dir='ltr'>credunt;</span> <span class='ocrx_word' id='word_1_152' title='bbox 1244 2093 1303 2164; x_wconf 89' lang='lat' dir='ltr'>hac</span> <span class='ocrx_word' id='word_1_153' title='bbox 1325 2094 1346 2158; x_wconf 84' lang='lat'>4</span> 
     </span>
     <span class='ocr_line' id='line_1_19' title="bbox 179 2195 1303 2282; baseline 0.002 -22"><span class='ocrx_word' id='word_1_154' title='bbox 179 2196 240 2261; x_wconf 88' lang='lat' dir='ltr'>fide</span> <span class='ocrx_word' id='word_1_155' title='bbox 264 2196 443 2281; x_wconf 61' lang='lat' dir='ltr'>gloriantur,</span> <span class='ocrx_word' id='word_1_156' title='bbox 458 2195 570 2274; x_wconf 82' lang='lat' dir='ltr'>Gallia,</span> <span class='ocrx_word' id='word_1_157' title='bbox 592 2195 770 2279; x_wconf 82' lang='lat' dir='ltr'>Aquitania,</span> <span class='ocrx_word' id='word_1_158' title='bbox 795 2197 896 2270; x_wconf 89' lang='lat' dir='ltr'>omnis</span> <span class='ocrx_word' id='word_1_159' title='bbox 919 2196 1080 2280; x_wconf 86' lang='lat' dir='ltr'>Hispania,</span> <span class='ocrx_word' id='word_1_160' title='bbox 1103 2196 1204 2263; x_wconf 86' lang='lat' dir='ltr'>Roma</span> <span class='ocrx_word' id='word_1_161' title='bbox 1232 2199 1303 2282; x_wconf 91' lang='lat' dir='ltr'>ipsa</span> 
     </span>
     <span class='ocr_line' id='line_1_20' title="bbox 179 2299 1408 2386; baseline 0.002 -19"><span class='ocrx_word' id='word_1_162' title='bbox 179 2299 377 2380; x_wconf 87' lang='lat' dir='ltr'>uenerabilis,</span> <span class='ocrx_word' id='word_1_163' title='bbox 402 2302 492 2366; x_wconf 92' lang='lat' dir='ltr'>cuius</span> <span class='ocrx_word' id='word_1_164' title='bbox 516 2302 611 2366; x_wconf 91' lang='lat' dir='ltr'>etiam</span> <span class='ocrx_word' id='word_1_165' title='bbox 632 2302 665 2366; x_wconf 90' lang='lat' dir='ltr'>in</span> <span class='ocrx_word' id='word_1_166' title='bbox 696 2303 754 2367; x_wconf 92' lang='lat' dir='ltr'>hac</span> <span class='ocrx_word' id='word_1_167' title='bbox 785 2305 873 2384; x_wconf 88' lang='lat' dir='ltr'>parte</span> <span class='ocrx_word' id='word_1_168' title='bbox 904 2302 1097 2386; x_wconf 87' lang='lat' dir='ltr'>principatus</span> <span class='ocrx_word' id='word_1_169' title='bbox 1130 2306 1187 2382; x_wconf 88' lang='lat' dir='ltr'>est,</span> <span class='ocrx_word' id='word_1_170' title='bbox 1221 2304 1304 2386; x_wconf 92' lang='lat' dir='ltr'>quod</span> <span class='ocrx_word' id='word_1_171' title='bbox 1406 2332 1408 2337; x_wconf 95' lang='lat'>·</span> 
     </span>
    </p>

    <p class='ocr_par' dir='ltr' id='par_1_5' title="bbox 136 2405 1304 2914">
     <span class='ocr_line' id='line_1_21' title="bbox 136 2405 1302 2495; baseline 0.007 -28"><span class='ocrx_word' id='word_1_172' title='bbox 136 2427 160 2468; x_wconf 79' lang='lat' dir='ltr'>ro</span> <span class='ocrx_word' id='word_1_173' title='bbox 180 2407 277 2488; x_wconf 67' lang='lat' dir='ltr'>deum⁴</span> <span class='ocrx_word' id='word_1_174' title='bbox 296 2408 379 2474; x_wconf 88' lang='lat' dir='ltr'>sicut</span> <span class='ocrx_word' id='word_1_175' title='bbox 401 2407 491 2491; x_wconf 89' lang='lat' dir='ltr'>sequi</span> <span class='ocrx_word' id='word_1_176' title='bbox 513 2407 617 2473; x_wconf 91' lang='lat' dir='ltr'>uoluit</span> <span class='ocrx_word' id='word_1_177' title='bbox 639 2408 778 2493; x_wconf 83' lang='lat' dir='ltr'>agnouit.</span> <span class='ocrx_word' id='word_1_178' title='bbox 812 2407 982 2473; x_wconf 90' lang='lat' dir='ltr'>confitebor</span> <span class='ocrx_word' id='word_1_179' title='bbox 1011 2408 1080 2489; x_wconf 90' lang='lat' dir='ltr'>ipse</span> <span class='ocrx_word' id='word_1_180' title='bbox 1112 2405 1211 2495; x_wconf 87' lang='lat' dir='ltr'>(quod</span> <span class='ocrx_word' id='word_1_181' title='bbox 1241 2429 1302 2475; x_wconf 87' lang='lat' dir='ltr'>non</span> 
     </span>
     <span class='ocr_line' id='line_1_22' title="bbox 180 2512 1302 2599; baseline 0.002 -22"><span class='ocrx_word' id='word_1_182' title='bbox 180 2513 247 2578; x_wconf 89' lang='lat' dir='ltr'>sine</span> <span class='ocrx_word' id='word_1_183' title='bbox 287 2533 424 2580; x_wconf 87' lang='lat' dir='ltr'>maerore</span> <span class='ocrx_word' id='word_1_184' title='bbox 466 2513 585 2579; x_wconf 89' lang='lat' dir='ltr'>dictum</span> <span class='ocrx_word' id='word_1_185' title='bbox 626 2512 702 2599; x_wconf 89' lang='lat' dir='ltr'>est):</span> <span class='ocrx_word' id='word_1_186' title='bbox 744 2514 846 2579; x_wconf 90' lang='lat' dir='ltr'>solum</span> <span class='ocrx_word' id='word_1_187' title='bbox 888 2513 1094 2579; x_wconf 88' lang='lat' dir='ltr'>dissentiebat</span> <span class='ocrx_word' id='word_1_188' title='bbox 1131 2515 1302 2598; x_wconf 81' lang='lat' dir='ltr'>Illyricum.</span> 
     </span>
     <span class='ocr_line' id='line_1_23' title="bbox 180 2619 1303 2702; baseline 0.003 -20"><span class='ocrx_word' id='word_1_189' title='bbox 180 2619 301 2684; x_wconf 91' lang='lat' dir='ltr'>utinam</span> <span class='ocrx_word' id='word_1_190' title='bbox 324 2620 407 2702; x_wconf 90' lang='lat' dir='ltr'>quod</span> <span class='ocrx_word' id='word_1_191' title='bbox 434 2622 568 2686; x_wconf 87' lang='lat' dir='ltr'>errasset</span> <span class='ocrx_word' id='word_1_192' title='bbox 602 2639 662 2684; x_wconf 88' lang='lat' dir='ltr'>non</span> <span class='ocrx_word' id='word_1_193' title='bbox 699 2622 816 2684; x_wconf 83' lang='lat' dir='ltr'>extaret</span> <span class='ocrx_word' id='word_1_194' title='bbox 848 2620 1038 2702; x_wconf 81' lang='lat' dir='ltr'>exemplum!</span> <span class='ocrx_word' id='word_1_195' title='bbox 1071 2620 1193 2684; x_wconf 88' lang='lat' dir='ltr'>utinam</span> <span class='ocrx_word' id='word_1_196' title='bbox 1223 2620 1303 2685; x_wconf 94' lang='lat' dir='ltr'>illud</span> 
     </span>
     <span class='ocr_line' id='line_1_24' title="bbox 182 2724 1304 2810; baseline 0.002 -22"><span class='ocrx_word' id='word_1_197' title='bbox 182 2724 337 2790; x_wconf 90' lang='lat' dir='ltr'>incolume</span> <span class='ocrx_word' id='word_1_198' title='bbox 359 2726 506 2790; x_wconf 85' lang='lat' dir='ltr'>Arrianae</span> <span class='ocrx_word' id='word_1_199' title='bbox 528 2725 623 2810; x_wconf 86' lang='lat' dir='ltr'>legis·</span> <span class='ocrx_word' id='word_1_200' title='bbox 638 2725 836 2791; x_wconf 89' lang='lat' dir='ltr'>Mursincnse</span> <span class='ocrx_word' id='word_1_201' title='bbox 867 2725 1017 2810; x_wconf 92' lang='lat' dir='ltr'>oppidum</span> <span class='ocrx_word' id='word_1_202' title='bbox 1047 2730 1242 2809; x_wconf 89' lang='lat' dir='ltr'>permaneret</span> <span class='ocrx_word' id='word_1_203' title='bbox 1272 2729 1304 2790; x_wconf 90' lang='lat' dir='ltr'>et</span> 
     </span>
     <span class='ocr_line' id='line_1_25' title="bbox 180 2830 1304 2914; baseline 0 -20"><span class='ocrx_word' id='word_1_204' title='bbox 180 2848 241 2896; x_wconf 94' lang='lat' dir='ltr'>non</span> <span class='ocrx_word' id='word_1_205' title='bbox 263 2832 303 2897; x_wconf 91' lang='lat' dir='ltr'>ad</span> <span class='ocrx_word' id='word_1_206' title='bbox 323 2830 474 2897; x_wconf 90' lang='lat' dir='ltr'>iudicium</span> <span class='ocrx_word' id='word_1_207' title='bbox 498 2831 653 2914; x_wconf 89' lang='lat' dir='ltr'>quondam</span> <span class='ocrx_word' id='word_1_208' title='bbox 676 2830 787 2897; x_wconf 86' lang='lat' dir='ltr'>erroris</span> <span class='ocrx_word' id='word_1_209' title='bbox 808 2832 916 2897; x_wconf 89' lang='lat' dir='ltr'>miseri</span> <span class='ocrx_word' id='word_1_210' title='bbox 939 2831 1136 2910; x_wconf 89' lang='lat' dir='ltr'>concidisset,</span> <span class='ocrx_word' id='word_1_211' title='bbox 1160 2833 1206 2910; x_wconf 91' lang='lat' dir='ltr'>ut,</span> <span class='ocrx_word' id='word_1_212' title='bbox 1231 2831 1304 2914; x_wconf 88' lang='lat' dir='ltr'>quia</span> 
     </span>
    </p>

    <p class='ocr_par' dir='ltr' id='par_1_6' title="bbox 136 2935 1345 3443">
     <span class='ocr_line' id='line_1_26' title="bbox 136 2935 1303 3020; baseline 0.002 -22"><span class='ocrx_word' id='word_1_213' title='bbox 136 2958 160 2999; x_wconf 76' lang='lat' dir='ltr'>rs</span> <span class='ocrx_word' id='word_1_214' title='bbox 180 2936 267 3019; x_wconf 89' lang='lat' dir='ltr'>ipsos</span> <span class='ocrx_word' id='word_1_215' title='bbox 294 2937 458 3003; x_wconf 87' lang='lat' dir='ltr'>erudisset</span> <span class='ocrx_word' id='word_1_216' title='bbox 494 2939 656 3017; x_wconf 88' lang='lat' dir='ltr'>auctores,</span> <span class='ocrx_word' id='word_1_217' title='bbox 692 2937 859 3020; x_wconf 83' lang='lat' dir='ltr'>praecipua</span> <span class='ocrx_word' id='word_1_218' title='bbox 897 2938 969 3002; x_wconf 90' lang='lat' dir='ltr'>irati</span> <span class='ocrx_word' id='word_1_219' title='bbox 1008 2936 1144 3001; x_wconf 83' lang='lat' dir='ltr'>numinis</span> <span class='ocrx_word' id='word_1_220' title='bbox 1184 2935 1303 3001; x_wconf 94' lang='lat' dir='ltr'>ultione</span> 
     </span>
     <span class='ocr_line' id='line_1_27' title="bbox 179 3042 1302 3126; baseline 0.001 -20"><span class='ocrx_word' id='word_1_221' title='bbox 179 3043 411 3124; x_wconf 88' lang='lat' dir='ltr'>procumberet!</span> <span class='ocrx_word' id='word_1_222' title='bbox 456 3043 640 3126; x_wconf 87' lang='lat' dir='ltr'>periculose,</span> <span class='ocrx_word' id='word_1_223' title='bbox 689 3042 768 3107; x_wconf 93' lang='lat' dir='ltr'>mihi</span> <span class='ocrx_word' id='word_1_224' title='bbox 808 3043 913 3122; x_wconf 86' lang='lat' dir='ltr'>crede,</span> <span class='ocrx_word' id='word_1_225' title='bbox 950 3043 1056 3108; x_wconf 90' lang='lat' dir='ltr'>diuina</span> <span class='ocrx_word' id='word_1_226' title='bbox 1098 3045 1255 3126; x_wconf 90' lang='lat' dir='ltr'>temptant</span> <span class='ocrx_word' id='word_1_227' title='bbox 1294 3091 1302 3107; x_wconf 90' lang='lat'><strong>.</strong></span> 
     </span>
     <span class='ocr_line' id='line_1_28' title="bbox 181 3141 1345 3231; baseline 0.004 -18"><span class='ocrx_word' id='word_1_228' title='bbox 181 3141 369 3214; x_wconf 89' lang='lat' dir='ltr'>uenerabilis</span> <span class='ocrx_word' id='word_1_229' title='bbox 396 3149 564 3214; x_wconf 89' lang='lat' dir='ltr'>memoriae</span> <span class='ocrx_word' id='word_1_230' title='bbox 597 3149 688 3215; x_wconf 90' lang='lat' dir='ltr'>diuus</span> <span class='ocrx_word' id='word_1_231' title='bbox 721 3149 969 3226; x_wconf 89' lang='lat' dir='ltr'>Ualentinianus,</span> <span class='ocrx_word' id='word_1_232' title='bbox 1000 3151 1089 3231; x_wconf 88' lang='lat' dir='ltr'>pater</span> <span class='ocrx_word' id='word_1_233' title='bbox 1120 3147 1345 3218; x_wconf 71' lang='lat' dir='ltr'>clementissi</span> 
     </span>
     <span class='ocr_line' id='line_1_29' title="bbox 180 3252 1300 3338; baseline -0.003 -19"><span class='ocrx_word' id='word_1_234' title='bbox 180 3257 265 3333; x_wconf 90' lang='lat' dir='ltr'>tuae,</span> <span class='ocrx_word' id='word_1_235' title='bbox 288 3255 346 3319; x_wconf 87' lang='lat' dir='ltr'>hac</span> <span class='ocrx_word' id='word_1_236' title='bbox 367 3254 429 3320; x_wconf 91' lang='lat' dir='ltr'>fide</span> <span class='ocrx_word' id='word_1_237' title='bbox 452 3254 585 3318; x_wconf 88' lang='lat' dir='ltr'>fideliter</span> <span class='ocrx_word' id='word_1_238' title='bbox 615 3255 790 3338; x_wconf 90' lang='lat' dir='ltr'>imperauit.</span> <span class='ocrx_word' id='word_1_239' title='bbox 818 3254 898 3319; x_wconf 90' lang='lat' dir='ltr'>nihil</span> <span class='ocrx_word' id='word_1_240' title='bbox 928 3253 983 3318; x_wconf 91' lang='lat' dir='ltr'>ille</span> <span class='ocrx_word' id='word_1_241' title='bbox 1014 3252 1166 3338; x_wconf 82' lang='lat' dir='ltr'>attingere</span> <span class='ocrx_word' id='word_1_242' title='bbox 1189 3252 1300 3330; x_wconf 87' lang='lat' dir='ltr'>uoluit,</span> 
     </span>
     <span class='ocr_line' id='line_1_30' title="bbox 182 3357 1342 3443; baseline -0.003 -19"><span class='ocrx_word' id='word_1_243' title='bbox 182 3360 266 3443; x_wconf 90' lang='lat' dir='ltr'>quod</span> <span class='ocrx_word' id='word_1_244' title='bbox 287 3361 366 3425; x_wconf 91' lang='lat' dir='ltr'>bene</span> <span class='ocrx_word' id='word_1_245' title='bbox 389 3360 597 3426; x_wconf 88' lang='lat' dir='ltr'>constitutum</span> <span class='ocrx_word' id='word_1_246' title='bbox 619 3361 765 3431; x_wconf 71' lang='lat' dir='ltr'>uidebat.¹</span> <span class='ocrx_word' id='word_1_247' title='bbox 780 3361 813 3424; x_wconf 91' lang='lat' dir='ltr'>hi</span> <span class='ocrx_word' id='word_1_248' title='bbox 836 3362 918 3425; x_wconf 85' lang='lat' dir='ltr'>certe</span> <span class='ocrx_word' id='word_1_249' title='bbox 941 3359 1000 3424; x_wconf 88' lang='lat' dir='ltr'>sub</span> <span class='ocrx_word' id='word_1_250' title='bbox 1023 3358 1133 3424; x_wconf 90' lang='lat' dir='ltr'>eodem</span> <span class='ocrx_word' id='word_1_251' title='bbox 1162 3357 1310 3442; x_wconf 89' lang='lat' dir='ltr'>episcopi·</span> <span class='ocrx_word' id='word_1_252' title='bbox 1340 3382 1342 3384; x_wconf 88' lang='lat'>·</span> 
     </span>
    </p>

    <p class='ocr_par' dir='ltr' id='par_1_7' title="bbox 136 3464 1337 3549">
     <span class='ocr_line' id='line_1_31' title="bbox 136 3464 1337 3549; baseline 0 -20"><span class='ocrx_word' id='word_1_253' title='bbox 136 3500 163 3539; x_wconf 77' lang='lat' dir='ltr'>so</span> <span class='ocrx_word' id='word_1_254' title='bbox 180 3465 244 3530; x_wconf 91' lang='lat' dir='ltr'>iam</span> <span class='ocrx_word' id='word_1_255' title='bbox 267 3468 407 3531; x_wconf 82' lang='lat' dir='ltr'>luerunt:</span> <span class='ocrx_word' id='word_1_256' title='bbox 431 3485 510 3549; x_wconf 91' lang='lat' dir='ltr'>quae</span> <span class='ocrx_word' id='word_1_257' title='bbox 532 3468 620 3531; x_wconf 88' lang='lat' dir='ltr'>tanta</span> <span class='ocrx_word' id='word_1_258' title='bbox 650 3467 796 3546; x_wconf 86' lang='lat' dir='ltr'>mutatio,</span> <span class='ocrx_word' id='word_1_259' title='bbox 828 3469 874 3546; x_wconf 90' lang='lat' dir='ltr'>ut,</span> <span class='ocrx_word' id='word_1_260' title='bbox 906 3465 959 3548; x_wconf 92' lang='lat' dir='ltr'>qui</span> <span class='ocrx_word' id='word_1_261' title='bbox 991 3467 1082 3530; x_wconf 90' lang='lat' dir='ltr'>antea</span> <span class='ocrx_word' id='word_1_262' title='bbox 1113 3464 1300 3542; x_wconf 88' lang='lat' dir='ltr'>sacerdotes,</span> <span class='ocrx_word' id='word_1_263' title='bbox 1336 3482 1337 3485; x_wconf 69' lang='grc'>’</span> 
     </span>
    </p>
   </div>
   <div class='ocr_carea' id='block_1_3' title="bbox 181 3645 1305 4161">
    <p class='ocr_par' dir='ltr' id='par_1_8' title="bbox 181 3645 1305 4161">
     <span class='ocr_line' id='line_1_32' title="bbox 218 3645 1304 3719; baseline -0.003 -17"><span class='ocrx_word' id='word_1_264' title='bbox 218 3649 423 3705; x_wconf 84' lang='lat' dir='ltr'>iserenitatcm</span> <span class='ocrx_word' id='word_1_265' title='bbox 442 3647 469 3718; x_wconf 87' lang='lat' dir='ltr'>p²</span> <span class='ocrx_word' id='word_1_266' title='bbox 521 3649 670 3704; x_wconf 70' lang='lat' dir='ltr'>inominis</span> <span class='ocrx_word' id='word_1_267' title='bbox 691 3649 724 3716; x_wconf 98' lang='lat' dir='ltr'>V,</span> <span class='ocrx_word' id='word_1_268' title='bbox 746 3664 814 3704; x_wconf 82' lang='lat' dir='ltr'>corr.</span> <span class='ocrx_word' id='word_1_269' title='bbox 838 3646 865 3719; x_wconf 70' lang='grc' dir='ltr'>ρ2</span> <span class='ocrx_word' id='word_1_270' title='bbox 916 3647 1042 3703; x_wconf 69' lang='lat' dir='ltr'>dsollita</span> <span class='ocrx_word' id='word_1_271' title='bbox 1063 3647 1095 3712; x_wconf 89' lang='lat' dir='ltr'>V,</span> <span class='ocrx_word' id='word_1_272' title='bbox 1118 3661 1186 3701; x_wconf 72' lang='lat' dir='ltr'>coer.</span> <span class='ocrx_word' id='word_1_273' title='bbox 1208 3645 1304 3715; x_wconf 79' lang='lat' dir='ltr'>Meyer</span> 
     </span>
     <span class='ocr_line' id='line_1_33' title="bbox 181 3732 1302 3807; baseline -0.002 -17"><span class='ocrx_word' id='word_1_274' title='bbox 181 3736 245 3790; x_wconf 90' lang='lat' dir='ltr'>audi</span> <span class='ocrx_word' id='word_1_275' title='bbox 267 3737 299 3800; x_wconf 90' lang='lat' dir='ltr'>V,</span> <span class='ocrx_word' id='word_1_276' title='bbox 321 3753 389 3792; x_wconf 83' lang='lat' dir='ltr'>corr.</span> <span class='ocrx_word' id='word_1_277' title='bbox 412 3736 523 3807; x_wconf 71' lang='lat' dir='ltr'>Meyer.-</span> <span class='ocrx_word' id='word_1_278' title='bbox 546 3737 637 3792; x_wconf 87' lang='lat' dir='ltr'>audini</span> <span class='ocrx_word' id='word_1_279' title='bbox 660 3735 688 3788; x_wconf 72' lang='grc' dir='ltr'>ο2</span> <span class='ocrx_word' id='word_1_280' title='bbox 708 3736 770 3793; x_wconf 79' lang='lat' dir='ltr'>Gar.</span> <span class='ocrx_word' id='word_1_281' title='bbox 823 3734 936 3791; x_wconf 77' lang='lat' dir='ltr'>duobis</span> <span class='ocrx_word' id='word_1_282' title='bbox 959 3734 991 3800; x_wconf 93' lang='lat' dir='ltr'>V,</span> <span class='ocrx_word' id='word_1_283' title='bbox 1013 3750 1081 3789; x_wconf 86' lang='lat' dir='ltr'>corr.</span> <span class='ocrx_word' id='word_1_284' title='bbox 1100 3732 1127 3785; x_wconf 77' lang='grc' dir='ltr'>ο2</span> <span class='ocrx_word' id='word_1_285' title='bbox 1196 3734 1302 3804; x_wconf 87' lang='lat' dir='ltr'>edictis]</span> 
     </span>
     <span class='ocr_line' id='line_1_34' title="bbox 184 3820 1303 3894; baseline -0.003 -15"><span class='ocrx_word' id='word_1_286' title='bbox 184 3824 251 3879; x_wconf 86' lang='lat' dir='ltr'>Cod.</span> <span class='ocrx_word' id='word_1_287' title='bbox 272 3825 373 3882; x_wconf 75' lang='lat' dir='ltr'>Tbeod</span> <span class='ocrx_word' id='word_1_288' title='bbox 391 3829 435 3890; x_wconf 84' lang='lat'>16,</span> <span class='ocrx_word' id='word_1_289' title='bbox 453 3829 477 3891; x_wconf 85' lang='lat'>1,</span> <span class='ocrx_word' id='word_1_290' title='bbox 498 3830 516 3880; x_wconf 79' lang='lat'><em>4</em></span> <span class='ocrx_word' id='word_1_291' title='bbox 570 3825 600 3879; x_wconf 88' lang='lat' dir='ltr'>ll</span> <span class='ocrx_word' id='word_1_292' title='bbox 620 3825 690 3880; x_wconf 84' lang='lat' dir='ltr'>nelle</span> <span class='ocrx_word' id='word_1_293' title='bbox 713 3825 745 3890; x_wconf 90' lang='lat' dir='ltr'>V,</span> <span class='ocrx_word' id='word_1_294' title='bbox 764 3840 832 3880; x_wconf 79' lang='lat' dir='ltr'>corr.</span> <span class='ocrx_word' id='word_1_295' title='bbox 854 3822 918 3878; x_wconf 85' lang='lat' dir='ltr'>Oar.</span> <span class='ocrx_word' id='word_1_296' title='bbox 972 3821 1126 3878; x_wconf 79' lang='lat' dir='ltr'>remutare</span> <span class='ocrx_word' id='word_1_297' title='bbox 1144 3822 1175 3886; x_wconf 92' lang='lat' dir='ltr'>V,</span> <span class='ocrx_word' id='word_1_298' title='bbox 1194 3820 1303 3894; x_wconf 75' lang='lat' dir='ltr'>corap²</span> 
     </span>
     <span class='ocr_line' id='line_1_35' title="bbox 183 3910 1305 3983; baseline -0.003 -17"><span class='ocrx_word' id='word_1_299' title='bbox 183 3913 216 3967; x_wconf 85' lang='grc'>16</span> <span class='ocrx_word' id='word_1_300' title='bbox 229 3912 313 3966; x_wconf 84' lang='lat' dir='ltr'>fuisse</span> <span class='ocrx_word' id='word_1_301' title='bbox 331 3913 363 3977; x_wconf 91' lang='lat' dir='ltr'>V,</span> <span class='ocrx_word' id='word_1_302' title='bbox 379 3911 493 3968; x_wconf 48' lang='lat' dir='ltr'>cosr.’o²</span> <span class='ocrx_word' id='word_1_303' title='bbox 546 3913 578 3968; x_wconf 91' lang='lat'>18</span> <span class='ocrx_word' id='word_1_304' title='bbox 591 3912 765 3983; x_wconf 84' lang='lat' dir='ltr'>hyspaniaV</span> <span class='ocrx_word' id='word_1_305' title='bbox 816 3912 849 3966; x_wconf 79' lang='lat'>21</span> <span class='ocrx_word' id='word_1_306' title='bbox 862 3911 1030 3966; x_wconf 89' lang='lat' dir='ltr'>illiricumV</span> <span class='ocrx_word' id='word_1_307' title='bbox 1081 3910 1263 3965; x_wconf 80' lang='lat' dir='ltr'>22herrasset</span> <span class='ocrx_word' id='word_1_308' title='bbox 1279 3910 1305 3963; x_wconf 91' lang='lat' dir='ltr'><strong><em>V</em></strong></span> 
     </span>
     <span class='ocr_line' id='line_1_36' title="bbox 181 3996 1305 4071; baseline -0.004 -16"><span class='ocrx_word' id='word_1_309' title='bbox 181 4000 217 4055; x_wconf 77' lang='lat'>23</span> <span class='ocrx_word' id='word_1_310' title='bbox 227 4001 347 4056; x_wconf 91' lang='lat' dir='ltr'>columen</span> <span class='ocrx_word' id='word_1_311' title='bbox 356 4002 425 4056; x_wconf 82' lang='lat' dir='ltr'>Bar.</span> <span class='ocrx_word' id='word_1_312' title='bbox 438 4002 469 4055; x_wconf 77' lang='lat' dir='ltr'>in</span> <span class='ocrx_word' id='word_1_313' title='bbox 479 4017 562 4071; x_wconf 77' lang='lat' dir='ltr'>marp.</span> <span class='ocrx_word' id='word_1_314' title='bbox 615 4003 752 4056; x_wconf 87' lang='lat' dir='ltr'>Mursense</span> <span class='ocrx_word' id='word_1_315' title='bbox 764 4000 834 4054; x_wconf 84' lang='lat' dir='ltr'>Bor.</span> <span class='ocrx_word' id='word_1_316' title='bbox 869 3999 1041 4054; x_wconf 73' lang='lat' dir='ltr'>ttiodieium</span> <span class='ocrx_word' id='word_1_317' title='bbox 1052 3996 1264 4055; x_wconf 74' lang='lat' dir='ltr'>Ucarinditinm</span> <span class='ocrx_word' id='word_1_318' title='bbox 1278 3998 1305 4050; x_wconf 92' lang='lat' dir='ltr'><strong><em>V</em></strong></span> 
     </span>
     <span class='ocr_line' id='line_1_37' title="bbox 181 4084 1303 4161; baseline -0.003 -18"><span class='ocrx_word' id='word_1_319' title='bbox 181 4089 316 4160; x_wconf 88' lang='lat' dir='ltr'>quoddam</span> <span class='ocrx_word' id='word_1_320' title='bbox 335 4089 362 4161; x_wconf 85' lang='lat' dir='ltr'>p²</span> <span class='ocrx_word' id='word_1_321' title='bbox 380 4090 557 4144; x_wconf 88' lang='lat' dir='ltr'>concidissent</span> <span class='ocrx_word' id='word_1_322' title='bbox 575 4088 607 4156; x_wconf 90' lang='lat' dir='ltr'>V,</span> <span class='ocrx_word' id='word_1_323' title='bbox 626 4105 694 4144; x_wconf 82' lang='lat' dir='ltr'>corr.</span> <span class='ocrx_word' id='word_1_324' title='bbox 712 4089 780 4145; x_wconf 83' lang='lat' dir='ltr'>Bar.</span> <span class='ocrx_word' id='word_1_325' title='bbox 817 4089 851 4142; x_wconf 75' lang='lat'>26</span> <span class='ocrx_word' id='word_1_326' title='bbox 864 4084 1114 4158; x_wconf 83' lang='lat' dir='ltr'>procumberent&#39;V,</span> <span class='ocrx_word' id='word_1_327' title='bbox 1123 4102 1190 4142; x_wconf 83' lang='lat' dir='ltr'>corr.</span> <span class='ocrx_word' id='word_1_328' title='bbox 1204 4086 1303 4140; x_wconf 72' lang='lat' dir='ltr'>Manat</span> 
     </span>
    </p>
   </div>
   <div class='ocr_carea' id='block_1_4' title="bbox 0 0 1456 4672">
    <p class='ocr_par' dir='ltr' id='par_1_9' title="bbox 0 0 1456 4672">
     <span class='ocr_line' id='line_1_38' title="bbox 0 0 1456 4672; baseline 0 0"><span class='ocrx_word' id='word_1_329' title='bbox 0 0 1456 4672; x_wconf 95' lang='lat' dir='ltr'> </span> 
     </span>
    </p>
   </div>
  </div>
 </body>
</html>
