2904 4672
164 261 206 324 98
527 257 567 311 De
584 257 665 310 rebus
682 256 788 326 Pelagii
804 256 937 325 epistulae

101 502 103 506 .
164 453 378 527 commissum,
411 451 550 534 oportuit
580 454 685 515 tamen
718 449 893 515 custodiam
930 452 1168 534 germanitatem
1206 455 1297 517 mam

99 614 101 619 .
165 557 269 642 gregis
292 556 378 621 illius
402 556 572 621 sollicitius
594 556 765 638 prouidere,
790 575 828 620 ne
851 555 927 637 quid
949 556 1130 622 huiusmodi
1149 558 1295 637 oriretur,

56 718 58 724 .
120 675 140 737 3
164 665 333 747 quodcum
348 663 479 728 eborum
498 662 636 745 periculo
655 667 742 727 tuam
759 662 889 727 lacessit
906 663 1147 748 neglegentiam.
1190 666 1295 731 adice:

44 833 48 842 ,
165 789 292 854 gregem
311 768 427 834 domini
446 771 478 834 et
495 768 574 833 tales
593 787 689 852 agnas
707 768 848 833 incendio
867 769 961 833 mmis
976 772 1008 834 et
1020 772 1295 852 persecutionibus

94 910 97 916 ·
165 876 274 952 nudas,
302 873 430 952 debiles,
457 876 531 958 post
552 891 680 939 suorum
704 874 816 939 caedes
839 877 872 939 et
893 877 1011 941 mortes
1033 876 1087 940 uix
1108 878 1218 942 uiuere
1242 896 1294 942 uu·
1325 901 1340 938 ⁵

166 982 317 1048 dicimus:
346 977 425 1045 nibil
451 981 560 1044 mouet
586 979 735 1062 pietatem
761 979 848 1044 iliam
877 981 1043 1047 sacerdotii
1069 982 1117 1046 tui
1145 982 1296 1049 detenta

51 1125 54 1133 ·
166 1089 282 1154 diaboli
302 1088 335 1153 in
356 1090 389 1153 te
412 1090 507 1170 atque
527 1087 559 1151 in
582 1090 657 1152 tuos
677 1089 834 1170 potestate
857 1085 1016 1154 admissa?
1038 1089 1069 1153 in
1094 1091 1127 1154 te
1148 1092 1295 1171 iuquam:

165 1214 295 1279 prensus
319 1194 403 1258 anim
429 1193 600 1258 sacerdotis
623 1185 815 1278 grauitatem
843 1194 1032 1260 condemnat
1055 1198 1179 1260 tantum
1205 1195 1293 1260 nefus

165 1301 195 1366 in
215 1299 348 1365 ecclesia
366 1298 469 1375 inisse.
483 1298 686 1381 completum.
708 1298 762 1362 ubi
783 1299 980 1382 pronisiones
1000 1303 1098 1366 tuae?
1118 1300 1174 1380 ubi
1196 1304 1293 1378 certe,

142 1454 145 1460 «
167 1407 193 1471 si
217 1423 308 1471 casus
341 1404 518 1481 euenerant,
551 1401 666 1475 auxilia
696 1403 749 1467 nel
780 1404 1022 1477 consolationes,
1054 1423 1137 1478 cnm¹
1156 1405 1232 1489 plns
1258 1423 1293 1470 se
1309 1430 1333 1470 ιο

166 1512 267 1577 adhuc
298 1515 436 1575 metuere
469 1494 574 1576 dicant
605 1527 697 1592 quam
730 1513 962 1601 conqueruntur
998 1527 1068 1574 esse
1102 1514 1291 1594 perpessas?

11 1601 22 1624 ⁷
81 1661 83 1665 ψ
123 1618 262 1683 4.ultius
284 1599 458 1693 censerem,
486 1615 514 1681 si
536 1619 644 1680 essent
664 1614 784 1698 aliquid
807 1614 844 1680 de
867 1615 926 1679 hac
948 1634 982 1680 re
1005 1634 1128 1681 mecum
1152 1617 1290 1699 apertius

167 1725 350 1790 collocutae.
374 1722 457 1798 uine,
479 1723 583 1799 irater,
605 1721 727 1804 antiqui
749 1721 851 1787 bostis
872 1720 1004 1787 insidias
1028 1727 1062 1786 ct
1080 1723 1195 1805 spiritu
1212 1722 1292 1788 boni

166 1830 295 1898 rectoris
317 1827 480 1915 peruigib,
503 1818 541 1896 ut
561 1830 649 1904 baec,
671 1847 751 1912 quae
773 1827 892 1894 aei-uos
914 1828 1059 1911 opinione
1077 1829 1178 1912 megia
1195 1847 1291 1911 quam

166 1935 365 2002 accusatione
390 1935 557 2000 manifeste
582 1934 685 1999 delata
711 1939 795 2012 sunt,
821 1935 874 2005 uei
896 1935 1090 2020 corriguntur
1111 1935 1164 2000 uel
1186 1938 1291 1999 retun-
1306 1958 1328 2000 a

166 2042 288 2119 deutur,
309 2059 349 2105 ne
369 2041 422 2105 ins
443 2041 691 2106 ecclesiasticum
715 2041 753 2106 de
773 2041 971 2106 labefactatis
994 2060 1105 2106 cansam
1126 2060 1212 2116 eum,
1234 2040 1291 2124 qni

166 2153 227 2214 nori
250 2146 431 2223 defenderit,
451 2151 607 2230 praestare
629 2146 796 2230 conpellat.
886 2160 888 2164 “

210 2473 422 2520 nnnnonmsmo
446 2472 558 2519 annum
579 2472 711 2520 numano
742 2473 962 2527 irroonnmus.
1028 2457 1210 2522 Piissimum
1234 2458 1295 2522 iter

169 2559 207 2628 ad
233 2578 290 2625 nos
316 2559 517 2643 perueniendi
543 2564 614 2625 tuas
640 2561 820 2627 affectiones
842 2560 921 2626 bene
944 2563 1166 2646 conpresbyter
1187 2565 1296 2628 noster
1312 2596 1339 2638 a

125 2664 300 2738 acrediiit
324 2665 543 2749 Hieronymus.
610 2667 807 2749 conpatimur
831 2668 935 2752 gregis
961 2669 1060 2746 nostri
1087 2669 1227 2734 membro
1251 2671 1296 2747 et,

168 2771 252 2855 quod
267 2771 443 2843 iaciendum
463 2771 607 2838 duximus
625 2770 678 2837 uel
695 2772 795 2839 iacere
814 2773 984 2856 potuimus,
1008 2793 1118 2839 sumus
1141 2775 1298 2840 uelociter

170 2872 302 2943 executi.
328 2878 515 2960 germanitus
543 2882 607 2955 tua,
634 2879 729 2947 frater
754 2879 928 2958 karissime,
957 2880 1050 2944 citius
1078 2879 1199 2945 litteras
1231 2899 1297 2946 mc·

169 2988 289 3067 morato
307 2984 440 3072 *reddere
460 2985 600 3050 festinet.

206 3263 219 3315 1
240 3262 388 3317 custodium
407 3261 447 3332 p²:
465 3262 603 3320 custodem
621 3261 654 3327 V,
666 3263 801 3317 custodire
817 3262 879 3317 Car.
893 3263 962 3317 Bar.
1016 3262 1104 3324 2<et>
1115 3261 1208 3331 gregis
1221 3251 1313 3327 Gaas

113 3365 115 3368 ·
170 3352 228 3414 (et)
239 3352 316 3421 gregi
332 3350 403 3404 Bar.
473 3349 602 3404 illum.
619 3350 811 3421 .neglegentin
833 3351 866 3414 V,
883 3349 1001 3422 camai.-
1018 3352 1065 3403 tua
1080 3391 1107 3404 ..
1126 3348 1300 3419 negligentia

173 3437 347 3493 Coa-Bw..
395 3436 472 3491 adice
488 3436 602 3492 Helel:
620 3438 705 3492 amice
726 3439 758 3502 V,
777 3439 902 3492 amittere
922 3436 997 3500 Car,
1013 3435 1157 3491 admittere
1176 3436 1207 3490 iu
1223 3437 1298 3495 Bur.

170 3521 355 3580 boemia?
407 3526 442 3579 14
457 3525 584 3596 peruigili
601 3529 649 3580 aut
666 3525 779 3591 Keon.
800 3524 864 3580 θα.
919 3525 952 3578 16
970 3525 1057 3579 canas
1078 3523 1143 3581 Gor.

204 3614 253 3668 44.
288 3613 356 3668 Dut.
373 3619 406 3668 ut
422 3631 461 3682 ep.
480 3617 525 3670 42.
596 3613 749 3669 Eamus
773 3613 805 3668 1²
822 3619 875 3682 81,·
889 3613 959 3668 Bar.
977 3613 1017 3666 cd
1029 3629 1059 3666 a.
1081 3615 1141 3677 416,
1158 3616 1210 3678 34,·
1231 3613 1295 3668 Oel-

172 3703 228 3759 lect.
250 3703 365 3769 venale
387 3702 475 3757 Genesi.
490 3703 512 3756 I
528 3706 600 3771 9075
622 3702 928 3759 Volloruil.c.1044.
994 3702 1027 3756 19
1045 3703 1097 3755 iter
1118 3700 1156 3755 V:
1178 3703 1260 3755 etiarn
1281 3722 1298 3754 o

172 3792 204 3847 19
218 3807 256 3860 aq.
268 3791 414 3862 piissimam
430 3792 511 3845 fflam
526 3791 559 3846 ad
570 3833 576 3844 .
588 3834 594 3845 .
604 3795 678 3846 tuam
692 3791 860 3846 affectionem
873 3788 906 3853 οἳ,
921 3807 977 3858 quc
990 3789 1144 3844 conlectura
1154 3804 1173 3841 a
1185 3788 1297 3866 Carasa
1314 3863 1315 3866 Ἴ

171 3885 276 3950 recepto
304 3879 391 3934 incia
412 3879 479 3948 quid
505 3880 538 3933 de
559 3880 672 3935 Aurelio
698 3879 888 3935 Innocentium
913 3879 1019 3934 Romae
1043 3877 1191 3932 uiuitcturo
1217 3877 1300 3932 baud

171 3967 487 4035 caclatascaelata·
506 3967 569 4034 aiat,
591 3967 692 4022 uidam
715 3967 792 4035 apud
810 3966 999 4022 (luculentiam
1022 3971 1102 4034 atoue
1124 3965 1297 4021 Vallensium

173 4056 190 4112 l.
214 4071 245 4119 c,
258 4060 283 4110 ct
304 4055 472 4124 Lauoeuum,
498 4054 590 4110 Gescb.
610 4054 937 4110 d.rrirn.Kirclc1724
1024 4055 1056 4108 21
1077 4053 1249 4108 Hieronimus
1273 4055 1300 4107 V

171 4145 208 4216 24
224 4143 310 4198 redire
333 4142 364 4209 V,
384 4159 450 4198 corr.
470 4162 483 4214 p
554 4143 666 4198 festinet
684 4141 740 4213 epu
760 4147 803 4210 (=
815 4143 932 4212 explicit)
947 4142 973 4195 V
