2902 4672
208 256 272 318 414
405 251 507 307 (1616611
524 251 545 304 Ι.
566 251 638 305 dicta
656 251 784 305 aduersus
802 251 975 321 Pelagianam
995 253 1126 309 baeresim

210 448 374 529 sequentes
414 446 451 510 ab
489 446 556 510 eius
592 445 718 510 retracti
754 445 1000 528 participationis
1043 449 1155 513 affectu
1196 449 1338 532 propriae

210 552 426 633 nequiuissent
460 551 650 615 incrementa
685 551 967 633 perfectionemque
1004 572 1126 618 sumere
1164 554 1338 638 dignitatis,

107 716 111 722 .
210 656 285 721 dum
309 675 384 720 suae
406 657 612 722 institutionis
637 657 777 722 claritate
801 657 919 721 detenti
942 659 1075 722 ulterius
1100 678 1133 724 66
1153 660 1232 724 nihil
1251 680 1339 744 egere

211 782 246 827 ac
270 762 330 826 sibi
354 781 387 826 se
410 762 552 827 sulficere
571 781 663 845 posse
680 765 892 844 praesumunt,
910 782 1025 844 perque
1045 783 1078 829 se
1097 764 1182 847 ipses
1202 766 1339 849 optinere

210 870 352 945 fidentes,
386 869 535 951 quicquid
568 889 622 952 per
654 870 751 933 solam
788 869 920 953 gratiam
957 871 1134 952 potuissent
1171 873 1339 937 conditoris
1368 893 1381 933 6

212 974 354 1056 adipisci,
379 975 462 1056 quod
485 977 516 1039 in
540 994 614 1039 suae
637 994 765 1057 prorsus
789 976 965 1041 conditione
988 976 1210 1043 mutabilitatis
1230 979 1340 1043 habere

161 1082 202 1145 32
212 1105 272 1149 non
296 1086 439 1166 poterant
461 1107 520 1158 -;
544 1083 637 1146 homo
662 1100 785 1163 quoque
809 1081 847 1146 de
871 1100 904 1146 66
927 1082 995 1164 ipso
1019 1083 1195 1149 manifestis
1218 1084 1340 1149 indiciis

212 1193 391 1256 reuincatur
416 1190 447 1254 in
471 1193 594 1254 tantum
616 1187 676 1253 rite
699 1187 812 1266 factus,
836 1190 872 1251 ut
894 1188 949 1270 qui
972 1207 1027 1270 per
1050 1188 1187 1254 diuinam
1211 1192 1340 1274 gratiam

212 1299 318 1379 potest
341 1313 466 1379 surgere
489 1296 562 1377 post
585 1292 714 1370 minem,
738 1292 839 1357 multo
862 1293 997 1376 amplius
1020 1293 1162 1376 potuisse
1186 1295 1340 1374 doceatur,

214 1401 241 1465 si
269 1401 397 1465 eandem
425 1400 557 1483 gratiam
585 1398 700 1462 deuota
728 1401 831 1461 mente
860 1401 1052 1480 sequeretur,
1081 1400 1203 1485 integer
1225 1422 1380 1484 perman

213 1525 293 1581 nere,
319 1510 530 1588 quantumque
554 1502 654 1588 gratia
676 1504 737 1567 ista
759 1504 947 1584 praeualeat,
971 1505 1071 1589 magis
1094 1507 1166 1571 inde
1186 1510 1341 1592 cognosci,

214 1612 289 1676 dum
313 1616 344 1676 et
366 1609 533 1675 incolumis
557 1611 674 1691 absque
699 1609 805 1673 eadem
830 1612 912 1674 stare
936 1611 1112 1692 nequiuerit
1135 1617 1167 1678 et
1185 1616 1290 1679 ualeat
1306 1615 1342 1678 ad

163 1717 204 1783 33
215 1717 344 1783 eandem
384 1716 632 1782 incolumitatem
674 1715 773 1779 redire
812 1718 885 1796 post
925 1716 1058 1801 lapsum.
1130 1717 1232 1784 bonus
1273 1739 1343 1805 ergo

214 1823 323 1890 artifex
347 1824 433 1900 deus,
459 1822 512 1905 661
537 1821 760 1904 sempiternum
784 1825 816 1885 et
834 1837 993 1886 summum
1013 1841 1135 1906 semper
1152 1825 1248 1890 habet
1266 1845 1344 1916 esse,

216 1929 299 2012 quod
335 1930 436 1994 bonus
473 1931 531 2006 est,
568 1930 661 2009 61666
698 1927 768 1992 ideo
805 1946 860 1991 nec
892 1947 1041 2010 umquam
1074 1930 1233 1996 crescendi
1266 1933 1346 2017 gerit
1361 1949 1384 1989 1⁵

216 2035 349 2117 amplius
374 2033 558 2116 appetitum,
582 2032 656 2114 quia
678 2031 756 2097 nibil
780 2035 940 2115 estsuper
959 2033 1000 2112 id,
1020 2031 1102 2116 quod
1121 2035 1343 2118 sempiternum

216 2142 332 2206 bonum
361 2159 483 2221 semper
511 2141 542 2204 et
569 2158 729 2202 summum
758 2143 816 2215 est,
845 2157 901 2203 nec
928 2140 994 2204 ulla
1016 2143 1123 2223 potest
1144 2141 1343 2208 inclinatione

217 2246 350 2312 diminui
373 2246 410 2310 de
433 2246 492 2310 boc
515 2245 593 2327 ipso,
618 2244 700 2327 quod
724 2264 882 2310 summum
914 2245 1030 2310 bonum
1059 2247 1343 2331 sempitemumque

219 2352 383 2417 consent't.
416 2351 498 2415 unde
526 2351 620 2416 etiam
647 2370 709 2417 non
736 2369 791 2432 per
817 2350 955 2433 rapinam
983 2351 1014 2415 in
1042 2352 1141 2416 forma
1168 2353 1218 2418 dei
1241 2353 1343 2420 dictus

220 2460 268 2522 661
304 2457 503 2533 66661116166,
539 2457 592 2540 661
628 2456 687 2521 bec
709 2456 843 2521 habebat
864 2456 973 2537 utique
1005 2477 1059 2540 per
1086 2460 1239 2538 naturam,
1264 2460 1385 2524 sicutne

219 2563 272 2627 1116
314 2562 460 2645 spiritus,
502 2563 555 2643 qui
596 2561 679 2643 quod
726 2564 792 2626 erat
836 2580 893 2626 nec
939 2563 1162 2645 sempiternum
1212 2564 1346 2630 habebat

221 2667 344 2732 omnino
367 2687 423 2732 nec
448 2686 616 2745 summurn,
640 2686 695 2749 per
717 2667 854 2749 rapinam
876 2667 989 2731 maluit
1012 2687 1162 2751 occupare
1182 2689 1276 2752 quam
1294 2667 1359 2753 per

221 2773 356 2838 auctoris
386 2773 517 2857 gratiam
545 2776 704 2856 perpetem
729 2773 876 2855 consequi
899 2773 1092 2856 dignitatem,
1117 2793 1133 2839 a
1158 2794 1218 2856 666
1243 2795 1346 2859 sump-

222 2882 304 2944 serat
336 2879 494 2963 angelicae
527 2878 735 2943 substantiam
768 2869 928 2955 claritatis,
967 2879 1227 2960 quemadmodum
1264 2881 1347 2946 beati

223 2984 325 3069 angeli
342 2985 373 3049 in
393 2984 499 3048 diuina
517 2984 617 3068 gratia
634 2989 849 3067 permanentes
869 2984 1030 3048 consecuti
1049 2992 1123 3049 sunt
1142 2985 1347 3069 sempiternae
1362 3005 1387 3048 u

223 3089 425 3154 beatitudinis
447 3089 636 3160 firmitatem.
661 3108 777 3172 prauus
801 3092 904 3153 autem
924 3089 1054 3171 spiritus
1072 3108 1129 3154 nec
1148 3090 1227 3155 illud
1245 3092 1349 3174 potuit

224 3195 373 3271 obtinere,
401 3194 484 3276 quod
510 3194 597 3259 nisus
626 3197 675 3258 661
701 3195 934 3277 inconpetenter
961 3194 1117 3268 inuadere,
1146 3198 1177 3259 et
1208 3198 1347 3261 tenorem

225 3317 300 3363 suae
324 3299 508 3364 conditionis
532 3299 680 3364 excedens
699 3299 731 3363 in
749 3300 809 3364 boc
828 3299 921 3363 etiarn
942 3318 1002 3362 non
1021 3300 1124 3382 potuit
1141 3319 1348 3382 perseuerare,

175 3407 216 3472 34
227 3404 309 3485 quod
340 3403 441 3468 factus
474 3407 533 3468 est.
600 3407 709 3470 auctor
740 3423 813 3488 ergo
845 3404 957 3485 bonus,
989 3407 1025 3468 61
1056 3404 1172 3469 bonum
1205 3425 1239 3470 se
1272 3425 1348 3489 opus

227 3509 402 3574 condidisse
433 3509 577 3588 firmaret,
610 3510 638 3575 si
668 3510 699 3573 in
733 3510 841 3574 eadem
873 3509 923 3575 sui
957 3509 1132 3574 conditione
1159 3511 1348 3593 persisteret,
1366 3536 1390 3577 ao

316 3685 348 3737 19
367 3683 399 3737 cf.
419 3683 536 3753 Philipp.
556 3684 580 3747 2,
600 3684 616 3737 6

262 3790 325 3843 366
344 3789 410 3842 nihil
429 3805 506 3858 egere
525 3788 563 3841 0²:
583 3789 692 3842 senibus
710 3789 799 3857 legere
818 3788 845 3840 V
876 3790 893 3842 4
912 3803 1009 3857 perque
1029 3788 1053 3841 V
1089 3788 1121 3840 12
1135 3804 1173 3857 aq.
1189 3787 1222 3841 ad
1243 3788 1350 3841 eandem

228 3877 721 3945 6116661.17,6661666’666(16161.6
812 3877 844 3930 17
868 3875 1020 3929 sumumV
1107 3875 1139 3928 18
1162 3876 1350 3944 sempiternum

229 3980 281 4032 666
305 3963 329 4014 V
381 3964 413 4017 19
433 3963 597 4016 consentitur
616 3963 730 4028 Hordei,-
742 3963 811 4030 fert.
831 3963 940 4015 consisti
1025 3966 1087 4015 autc
1108 3961 1211 4014 611616
1229 3960 1319 4015 codice
1337 3981 1353 4013 α

229 4067 301 4105 man.
318 4051 478 4106 lcubducta
497 4052 571 4106 linea
590 4051 640 4104 dcl.
661 4037 848 4119 6111666οά
862 4067 912 4118 per
930 4065 1044 4104 errorem
1057 4048 1204 4116 scripserat
1218 4065 1271 4116 pro
1286 4049 1352 4112 61166

233 4139 354 4193 Tbieliua
372 4140 446 4194 lineo
463 4139 515 4193 illa
533 4156 589 4194 oon
608 4138 802 4193 animaduersa
821 4140 932 4193 coniecit
951 4141 978 4191 et
996 4137 1118 4191 dominus
1138 4137 1217 4190 etiam
