2904 4672
171 263 233 326 392
466 257 588 312 Gelasius
607 258 627 312 1.
647 257 680 312 ad
699 259 838 328 episcopos
855 258 1006 313 Dardaniae

169 455 329 536 patefecit,
358 457 395 517 ut
421 455 453 516 et
474 451 642 533 imperator
664 455 776 514 cuncta
798 471 832 515 se
856 471 891 516 er
914 450 981 515 eius
1005 451 1143 535 gessisse
1167 452 1297 516 consilio

170 578 230 623 non
263 563 381 623 taceret
412 564 445 622 et
470 558 537 639 ipse
565 557 783 639 imperatorem
810 559 932 642 magnis
959 558 1132 640 praeconiis
1161 559 1296 623 eleuaret

169 664 232 729 ista
270 665 434 728 facientem
475 682 604 744 seseque
640 664 783 746 proderet
820 663 869 728 his
907 664 1033 748 agendis
1069 665 1163 729 rebus
1200 664 1296 728 titisse

169 771 362 853 participem.

120 882 161 945 65
216 877 278 942 Sed
301 883 379 953 esto,
404 876 570 942 calendion
594 874 789 958 imperatoris
812 895 923 941 nomen
947 876 1122 952 abstulerit,
1144 877 1296 942 Iohannes
1323 897 1337 938 s

171 983 303 1066 principi
334 983 485 1046 mentitus
517 982 616 1045 fuisse
648 983 796 1046 iactetur:
837 1002 916 1063 quae
948 987 1052 1047 tamen
1089 1002 1161 1048 cum
1200 1002 1297 1047 nouae

172 1095 279 1154 essent
306 1107 427 1164 causae,
456 1107 539 1151 noua
567 1087 675 1152 debuit
702 1088 916 1152 ecclesiastica
942 1089 1103 1171 prouenire
1132 1089 1296 1153 discussic.

175 1215 212 1258 an
242 1196 294 1277 qui
322 1196 352 1257 in
381 1195 538 1258 hominem
567 1194 785 1274 imperatorem
811 1213 957 1276 peccasse
990 1195 1182 1272 dicebantur,
1216 1195 1299 1259 nulla

173 1300 396 1366 interueniente
420 1299 537 1382 synodo
561 1298 641 1362 deici
664 1299 840 1363 debuerunt
862 1303 894 1363 et
911 1299 941 1364 in
962 1300 1065 1379 deum,
1084 1301 1139 1382 qui
1158 1319 1299 1365 summus

174 1416 206 1473 et
233 1428 326 1472 uerus
355 1412 404 1472 est
430 1407 607 1487 imperator,
640 1405 789 1470 Acacium
822 1407 1054 1488 delinquentem
1086 1407 1300 1487 sinceramque
1316 1427 1340 1468 1o

174 1514 423 1580 communionem
453 1513 550 1575 diuini
579 1513 764 1576 sacramenti
787 1512 965 1577 studentem
987 1513 1118 1578 miscere
1142 1533 1216 1578 eum
1237 1532 1300 1594 per·

173 1621 243 1684 fidis
277 1619 447 1684 secundum
473 1618 634 1700 synodum,
659 1637 721 1698 qua
742 1619 818 1683 haec
842 1621 892 1683 est
913 1619 1059 1683 damnata
1080 1618 1220 1701 perfidia,
1243 1637 1300 1680 uon

123 1723 164 1787 66
175 1725 338 1806 oportebat
369 1723 502 1804 expelli?
537 1723 611 1804 quid
643 1723 680 1786 de
712 1723 883 1787 innumeris
914 1743 970 1805 per
1004 1728 1107 1788 totum
1145 1722 1301 1787 Orientem

176 1830 339 1894 catholicis
368 1828 581 1893 sacerdotibus
608 1829 731 1910 propria
759 1829 831 1893 sede
860 1829 1000 1912 depulsis
1029 1833 1060 1894 et
1090 1829 1303 1894 indubitanter

174 1935 340 2000 haereticis
363 1937 574 2000 intromissis?
597 1955 697 1999 nouae
721 1940 801 1999 certe
826 1940 913 2001 erant
935 1951 1046 2001 causae
1070 1936 1174 2000 ethis
1199 1955 1342 2000 conse-15

176 2047 305 2124 quanter
343 2061 424 2105 noua
459 2041 596 2123 synodus
634 2041 813 2104 debebatur.
852 2061 902 2104 cur
940 2045 1015 2106 tuno
1051 2061 1113 2106 uon
1148 2041 1237 2106 uenit
1272 2044 1301 2106 in

176 2151 322 2223 mentem,
359 2153 396 2211 ut
431 2149 461 2210 in
497 2148 614 2211 talibus
647 2148 751 2211 causis
784 2152 941 2228 peteretur
972 2167 989 2211 a
1019 2148 1158 2231 principe
1191 2149 1301 2212 saltem

176 2255 412 2337 qualiscumque
435 2254 572 2336 synodus
596 2253 787 2331 celebranda,
811 2258 848 2318 ut
870 2273 1065 2336 quocumque
1088 2256 1142 2319 uel
1165 2255 1300 2318 colorato

175 2360 291 2423 iudicio
319 2359 494 2423 traditionis
524 2359 754 2423 ecclesiasticae
781 2361 897 2442 passim
925 2360 1087 2442 pontifices
1119 2360 1299 2424 uiderentur

177 2465 303 2543 exclusi,
335 2484 394 2529 non
426 2466 529 2529 solum
560 2484 825 2548 quarumcumque
860 2466 985 2530 urbium
1021 2467 1211 2545 sacerdotes,
1248 2466 1302 2530 sed
1316 2491 1341 2532 so

126 2575 165 2640 67
177 2572 407 2653 metropolitani
433 2572 647 2635 incunctanter
673 2573 853 2636 antistites?
881 2573 930 2635 his
959 2572 1103 2637 omnibus
1137 2591 1211 2637 cum
1242 2593 1300 2636 non

177 2677 294 2740 restitit
307 2677 508 2760 suggestione
523 2697 584 2759 qua
596 2678 709 2760 potuit,
724 2678 882 2742 consensit
894 2678 1027 2742 Aeacius
1046 2678 1301 2746 communicando

178 2782 310 2858 cunctis,
335 2782 387 2862 qui
405 2782 436 2844 in
456 2781 678 2846 catholicorum
698 2783 802 2846 locum
821 2783 970 2847 haeretici
988 2784 1111 2847 lucrant
1130 2784 1302 2867 subrogati.

180 2887 340 2969 apostolus
377 2893 482 2952 autem
519 2888 596 2952 dicit
631 2908 691 2953 non
728 2891 830 2953 solum
863 2889 916 2968 qui
947 2889 1067 2952 faciunt
1098 2890 1154 2953 sed
1187 2894 1220 2954 et
1251 2889 1302 2970 qui

180 2994 377 3058 consentiunt
409 2995 596 3059 facientibus
631 3014 700 3058 reos
737 2995 948 3058 indubitanter
979 2995 1123 3060 adscribi.
1157 3015 1195 3060 au
1228 2997 1343 3064 haecn

179 3100 270 3164 licuit
297 3100 446 3164 saeculari
474 3100 622 3183 potestati
650 3106 681 3164 et
709 3102 787 3165 actis
816 3101 931 3166 talibus
959 3101 1072 3166 Acacio
1096 3106 1301 3170 consentienti

268 3305 302 3358 24
319 3307 394 3360 Rom.
415 3309 437 3372 l,
457 3309 491 3362 32

217 3433 231 3484 1
251 3433 282 3483 ut
301 3436 328 3484 et
350 3431 459 3486 Vana:
479 3432 566 3486 enuit
584 3432 611 3484 Β
716 3432 829 3500 gessisse
853 3431 938 3484 Vna:
962 3433 1141 3502 suggessisset
1158 3433 1186 3488 R
1207 3435 1301 3503 (egisse

182 3536 248 3574 corr.
267 3537 300 3572 m.
319 3523 355 3582 2),
375 3536 425 3573 om.
443 3521 470 3573 B
549 3519 632 3573 ised
649 3520 705 3589 ipse
724 3520 751 3572 B
822 3519 964 3573 eleualeret
986 3520 1012 3572 V
1080 3523 1173 3574 3sese
1193 3539 1260 3592 quae
1277 3524 1303 3575 Β

181 3608 305 3677 proderet
322 3609 382 3661 Ba:
401 3608 520 3677 prodidit
542 3608 619 3661 VRA
690 3609 869 3678 4principem
888 3609 913 3660 Β
985 3611 1000 3661 5
1020 3612 1061 3661 est
1083 3608 1109 3660 V
1189 3611 1301 3663 calendi-

183 3713 258 3750 onem
276 3696 310 3758 B,
331 3697 490 3749 calendionis
508 3696 536 3750 Β
594 3713 690 3758 nomen
708 3713 758 3750 om.
777 3697 804 3749 B
848 3696 963 3751 diuisae
981 3698 1109 3749 mentitus
1128 3696 1184 3751 ΒΑ
1230 3699 1301 3752 lde-

182 3784 275 3838 bueret
292 3785 339 3863 ΒΙ
398 3784 531 3853 9spnodo
551 3801 601 3838 om.
619 3785 646 3836 B
728 3785 759 3838 12
779 3784 893 3838 secunda
910 3785 937 3836 B
1018 3786 1200 3839 leonensem
1223 3788 1300 3840 Vsa:

183 3873 343 3927 orbenrRA
413 3875 549 3928 lbcertae
567 3873 595 3927 Β
667 3874 738 3926 etin
757 3874 798 3926 his
816 3874 843 3925 B
910 3874 942 3926 16
962 3873 1108 3927 debebatur
1127 3891 1159 3928 aa·
1178 3875 1302 3931 debeatur

183 3977 250 4014 corr.
268 3961 296 4015 Β
313 3979 386 4015 man.
406 3965 427 4015 2
486 3979 538 4015 non
557 3963 631 4015 uenit
650 3980 682 4015 ex
699 3963 802 4015 inuenit
819 3978 888 4016 corr.
906 3962 934 4016 Β
952 3959 1024 4015 man.
1044 3966 1063 4015 2
1109 3964 1141 4016 17
1161 3964 1301 4017 saltiamB

185 4050 216 4101 19
237 4049 423 4103 ecclasticeV
470 4051 504 4104 20
524 4050 625 4104 excludi
645 4069 661 4100 α
709 4051 742 4103 22
761 4052 862 4105 resistit
879 4052 906 4103 B
960 4051 1094 4104 consensit
1113 4056 1144 4104 ut
1162 4053 1302 4106 acaciusB

184 4136 217 4188 23
236 4136 293 4189 loco
312 4137 398 4190 hereti
416 4137 443 4189 Β
496 4140 530 4191 24
549 4143 576 4192 et
598 4138 708 4192 Vana:
728 4140 823 4194 orrr.,-B
