2904 4672
528 217 613 288 Epist.
632 217 685 272 XII
702 217 719 271 3
737 245 771 256 ·-
789 216 857 272 XIII
875 218 899 273 6.
1222 219 1264 282 55

137 414 323 481 ‚tolerantiae
350 415 530 497 desperatos
553 413 657 480 sumet
679 415 824 476 accentus
849 414 880 475 et
903 410 1041 476 officium
1063 412 1265 493 metucogat

141 521 279 607 agnosci,
345 520 477 586 etiamne
498 518 638 584 uiuidius
661 519 720 594 est,
744 516 828 600 quod
849 514 957 584 Ursini
978 503 1093 582 inussit
1119 513 1307 592 amendat

142 646 235 710 quam
251 626 335 709 quod
348 625 497 691 serenitas
511 626 617 690 nostra
629 623 759 687 mitibus
777 621 935 705 persuasit
952 622 1072 699 edictis,
1092 624 1129 685 ut
1147 640 1263 698 omnes,

26 814 29 818 ι
141 733 196 816 qui
217 731 331 814 impios
354 733 461 795 coetus
484 730 645 813 profanata
666 728 815 813 religione
838 731 1036 810 temptarent,
1060 727 1112 791 uel
1135 727 1174 791 ad
1197 745 1265 790 cen-

107 838 291 905 etesimum
323 835 407 901 urbis
439 835 608 901 miliarium
639 834 836 918 pellerentur,
868 834 923 899 ubi
949 834 1088 916 pertinax
1114 833 1200 898 furor
1227 832 1264 896 ab

135 942 385 1026 obsequentibus
427 941 597 1006 destitutus
637 941 669 1006 in
701 942 769 1006 eius
802 943 924 1005 tantum
953 939 1120 1024 perniciem
1152 942 1264 1014 rueret,

142 1050 196 1133 qui
222 1051 311 1115 solus
339 1055 461 1126 erraret,
486 1050 518 1112 et
540 1049 576 1112 ut
599 1047 795 1112 condemnati
816 1046 933 1112 iudicio
956 1049 1041 1111 recte
1064 1044 1265 1110 sentientium

142 1154 339 1220 sacerdotum
361 1153 496 1219 reditum
519 1157 628 1236 postea
649 1154 702 1218 uel
724 1153 763 1218 ad
786 1152 944 1230 eeclesias,
973 1170 1049 1234 quas
1077 1150 1266 1216 contamina-

142 1264 260 1337 uerant,
292 1279 353 1325 non
381 1260 530 1324 haberent
559 1261 611 1325 uel
637 1260 875 1344 integrationem
902 1257 1013 1323 iudicii
1039 1258 1155 1322 frustra
1200 1266 1265 1328 <a>

98 1391 124 1431 m
141 1366 231 1435 nobis
257 1366 431 1449 impudenti
462 1365 637 1449 peruicacia
666 1366 883 1448 precarentur?
971 1365 1092 1445 repetet
1112 1361 1266 1427 laudanda
1289 1360 1309 1421 3
1395 1399 1398 1406 -

143 1476 175 1537 et
193 1472 195 1476 ’
210 1467 352 1556 spectata
387 1471 550 1536 sinceritas
587 1473 652 1546 tue,
688 1470 796 1553 quales
834 1469 874 1534 ad
913 1469 1016 1534 uirum
1057 1467 1266 1536 clarissimum

144 1577 342 1659 Simplicium
364 1576 521 1660 quondam
544 1575 696 1641 uicarium
718 1575 839 1640 litteras
863 1574 1028 1640 clementia
1045 1577 1150 1639 nostra
1168 1576 1266 1637 trans·

142 1683 273 1760 miserit,
292 1685 324 1747 et
342 1681 463 1748 desinat
483 1681 679 1747 iterationem
702 1700 824 1765 sperare
845 1680 994 1758 mandati,
1018 1680 1091 1762 quia
1111 1678 1265 1763 pigendus

143 1774 391 1865 mansuetudinis
410 1796 533 1854 nostrae
549 1787 653 1871 pudor
667 1789 716 1852 est
729 1785 905 1852 instaurare
916 1788 1127 1870 praeceptum.
1181 1784 1266 1850 Ursi·
1289 1785 1309 1845 4

63 1903 65 1908 ’
100 1916 125 1956 ne
144 1914 223 1968 num¹
242 1893 368 1976 quidem
393 1892 496 1959 Gellia
518 1895 661 1959 cohercet
688 1899 729 1972 et,
751 1912 790 1958 ne
821 1895 926 1958 motus
959 1892 1080 1975 aliquos
1110 1891 1266 1975 inquietos

145 2001 293 2079 exerceat,
322 1999 446 2066 cohibet
472 1999 643 2084 Agrippina
668 1999 818 2077 secessim
843 2018 936 2083 quem
958 2001 1063 2064 tamen
1086 2000 1190 2082 ipsum
1212 2019 1268 2080 per

145 2111 343 2172 occursantes
378 2106 601 2170 obtundentem
637 2105 762 2189 saepius
789 2115 884 2188 quam
913 2108 1103 2171 maerentem
1131 2105 1266 2180 adhoc,

138 2214 180 2276 -ut
197 2211 392 2294 frequentius
407 2211 590 2290 abiceretur,
606 2211 798 2280 audiuimus..
839 2212 986 2276 Hisacem
1001 2215 1140 2278 remotus
1153 2212 1267 2295 Hispa·
1291 2213 1309 2274 5

144 2317 213 2382 niae
245 2317 382 2403 angulus
414 2318 509 2384 titulo
546 2318 754 2384 damnationis
789 2317 928 2394 inclusit,
969 2336 1030 2382 nou
1062 2318 1139 2382 bene
1172 2319 1267 2401 capiti

97 2445 125 2484 eo
145 2423 371 2503 consulturum,
386 2423 413 2488 si
432 2423 507 2507 quid
525 2424 686 2489 turbarum
703 2441 839 2488 uesenus
859 2423 1036 2506 agitauerit.
1089 2425 1266 2491 Parmensis
1288 2425 1309 2492 ,6

143 2527 309 2611 episeopus
328 2548 363 2594 eo
381 2529 594 2612 perniciosior,
618 2529 701 2612 quod
724 2530 859 2613 inclytae
881 2530 951 2594 urbi
974 2529 1075 2613 magis
1096 2532 1265 2613 proximus,

143 2637 175 2698 et
204 2634 418 2717 imperitorum
449 2636 684 2702 multitudinem
714 2636 837 2702 uicinus
867 2635 1003 2721 exagitat
1030 2639 1062 2700 et
1089 2637 1253 2702 ecclesiam
1316 2707 1318 2712 ,

142 2739 180 2804 de
201 2759 264 2823 qua
293 2741 409 2806 iudicio
441 2744 622 2808 sanctorum
643 2743 824 2825 praesulum
848 2742 989 2806 deiectus
1017 2745 1075 2821 est,
1098 2721 1266 2838 inquietat:

139 2845 262 2912 inanem
279 2847 426 2912 uidelicet
444 2849 575 2932 gloriam
594 2848 765 2914 sententiae
783 2849 934 2932 grauioris
953 2852 1150 2933 exspectans:
1170 2869 1262 2932 quem

176 3126 189 3178 1
212 3127 298 3178 metus
320 3125 389 3179 Bor.
477 3124 634 3180 2.etiamne
656 3124 774 3179 niuidius
802 3125 840 3179 V.-
863 3129 891 3180 at
913 3144 1000 3180 nonne
1024 3126 1165 3182 absurdius
1192 3127 1255 3182 Bar

139 3212 219 3268 iussit
232 3211 304 3291 Bor.
347 3214 365 3266 4
383 3216 456 3285 cetus
479 3212 508 3276 V,
556 3212 599 3266 uel
615 3212 649 3267 ad
666 3212 702 3268 V:
721 3213 755 3268 ad
773 3213 832 3268 aius
850 3214 921 3268 ultra
939 3216 986 3282 (cf.
997 3233 1028 3285 p.
1046 3208 1265 3285 57,12)Meyer'

140 3299 287 3354 dmilliaie
304 3301 373 3355 Bor.
423 3300 711 3371 bredintegrationem
729 3303 800 3357 Bar.
873 3302 971 3358 aodd.
990 3304 1059 3356 Bar.
1106 3303 1262 3375 lotapatae

138 3387 223 3442 Bae:
240 3392 365 3458 repperta
385 3389 412 3442 V
463 3389 495 3443 11
513 3390 562 3442 tna
580 3389 644 3446 sinc.
663 3395 728 3459 trop.
749 3391 817 3444 Bar.
880 3391 912 3444 12
930 3391 1035 3445 litteras
1052 3391 1096 3445 bic
1114 3407 1266 3446 commemo-

138 3480 218 3530 ratae
237 3476 421 3544 Golbofredsa
432 3482 519 3546 putat
535 3479 688 3546 lepcmcssc
706 3495 780 3535 cone
800 3482 860 3533 374
885 3479 988 3548 domm,
1007 3497 1040 3535 ec
1056 3497 1113 3549 quo
1129 3481 1266 3536 nonnulla

136 3565 261 3620 seruauit
281 3563 346 3620 uos.
369 3558 497 3620 iteam
511 3565 560 3620 IX
572 3568 655 3634 29,1
701 3568 735 3622 ‘15
748 3567 818 3635 sert.
836 3568 975 3638 inquietus
1025 3570 1056 3622 17
1075 3567 1267 3631 obtendentem

138 3655 196 3722 (eeu
218 3653 394 3720 obnitentem)
421 3651 512 3710 Oouat.
605 3659 750 3710 merentem
777 3654 813 3710 V:
836 3659 988 3710 monentem
1010 3657 1088 3721 Bor..
1111 3661 1267 3720 ¹mouentem

140 3740 229 3797 Gestat.
315 3741 348 3795 18
370 3741 537 3812 frequentius
560 3742 714 3798 abiceretur
737 3744 881 3816 temptaui:
894 3743 1065 3812 -irequentins
1087 3746 1205 3800 abiceret
1233 3745 1265 3799 V,

137 3833 278 3899 sequentes
297 3829 426 3898 abjiceret
437 3830 522 3898 Bar„·
539 3831 699 3901 saepiusque
719 3835 916 3886 ammonentem
934 3831 968 3886 ad
979 3832 1038 3899 bec,
1053 3849 1086 3886 ne
1099 3832 1267 3903 frequentius

143 3933 171 3970 se
188 3917 306 3972 obiceret
323 3917 481 3988 Petschenig
559 3913 660 3974 Isacem
678 3919 767 3984 sina,
785 3919 904 3974 Isaacem
929 3919 1019 3975 Ooust.
1089 3920 1269 3992 hyspaniel'

139 4004 171 4056 19
186 4004 299 4074 angulos
321 4003 353 4070 V,
372 4020 440 4060 corr.
459 4004 486 4057 ο1
538 4005 572 4062 20
595 4007 744 4063 consultum
761 4007 830 4065 Bar.
891 4008 925 4061 22
951 4008 1120 4078 imperiorum
1143 4007 1173 4072 V,
1192 4024 1266 4063 corr.

137 4089 204 4145 Bo'r.
276 4093 379 4148 uicinus
402 4093 440 4148 V.-
460 4093 550 4165 magis
567 4094 643 4149 Bor.-
