2904 4672
176 220 240 283 234
440 216 536 285 Uigilii
554 216 728 269 constitutum
749 215 781 268 de
800 215 886 269 tribus
905 215 1029 285 capitulis

176 433 255 475 orum
282 433 366 490 quam
388 414 493 473 Leonis
516 417 631 472 sanctae
655 413 806 473 memoriae
830 415 863 471 de
887 417 965 472 recta
986 412 1042 471 fide
1065 412 1188 487 scriptas
1213 414 1243 470 et
1264 413 1302 470 dc
1326 375 1329 380 ι

126 501 165 564 18
176 508 309 579 quattuor
327 503 435 562 sanctis
454 501 583 562 conciliis
601 502 648 560 uel
667 502 701 560 de
719 519 789 647 unot
796 519 902 602 eorum
965 519 1028 561 cum
1047 501 1134 576 igitur
1150 499 1301 600 praedicta

176 637 378 751 consentimus,
410 678 602 738 necessarium
634 681 678 736 est
709 679 831 738 conferri
862 680 896 736 de
928 679 1019 737 tribus
1051 677 1194 753 capitulis,
1223 679 1301 735 unde
1348 725 1369 741 ¹.

176 770 344 844 quibusdam
372 769 499 842 quaestio
526 769 595 826 nata
622 769 675 837 ost,
705 770 734 826 et
760 767 824 826 ideo
851 766 975 840 potimus
1003 767 1183 841 praesidente
1207 752 1334 834 ,noant

174 860 271 917 uestra
300 856 478 916 beatitudine
510 857 562 914 sub
586 856 800 929 ¹tranquillitate
830 858 858 913 et
883 855 1054 915 sacerdotali
1080 853 1301 913 mansuetudine

176 946 283 1005 sanctis
309 945 465 1020 propositis
492 943 649 1017 euangeliis
676 944 818 1003 communi
845 946 968 1002 tractatu
995 944 1093 1002 eadem
1121 942 1249 1017 capitula
1270 943 1302 1000 in

175 1035 268 1093 medio
295 1034 481 1108 proponenda
508 1032 605 1107 quaeri
632 1035 661 1090 et
687 1031 809 1091 conferri
836 1037 865 1095 et
890 1032 975 1090 linem
1002 1029 1162 1107 quaestioni
1191 1030 1303 1104 imponi

176 1124 229 1182 deo
251 1121 388 1196 placitum
412 1124 440 1180 et
462 1120 677 1180 conuenientem
698 1122 754 1192 his,
779 1137 851 1194 quae
874 1139 892 1179 a
913 1121 1021 1180 sanctis
1039 1122 1179 1195 -quattuor
1203 1119 1301 1178 conci-

175 1211 222 1270 liis
253 1210 370 1269 delinita
401 1212 477 1280 sunt,
510 1209 644 1284 quoniam
676 1211 712 1267 ad
741 1212 924 1284 augmentum
954 1209 1035 1284 pacis
1063 1212 1091 1267 et
1117 1207 1300 1283 concordiam
1323 1216 1346 1254 ¹⁰

177 1299 369 1358 ecclesiarum¹
385 1298 520 1372 pertinet,
548 1299 581 1356 ut
603 1297 679 1357 omni
702 1298 736 1355 de
759 1298 852 1357 medio
876 1298 1056 1357 dissensione
1078 1296 1204 1366 sublata,
1228 1313 1302 1370 quae

177 1407 196 1446 a
225 1387 379 1461 praedictis
412 1391 544 1460 quattuor
575 1385 682 1445 sanctis
714 1385 841 1446 conciliis
873 1386 991 1445 definita
1021 1388 1097 1456 sunt,
1127 1385 1303 1445 inconcussa
1397 1455 1398 1458 Ἴ

177 1478 336 1546 seruentur,
360 1479 522 1533 sanctarum
545 1475 716 1548 synodorum
743 1475 903 1535 reuerentia
929 1475 960 1534 in
987 1475 1118 1534 omnibus
1147 1473 1302 1533 custodita.

176 1565 222 1624 his
245 1567 340 1623 autem
363 1566 391 1622 et
413 1564 643 1637 subscripsimus.
1177 1623 1179 1628 ,

125 1683 164 1744 19
217 1682 253 1746 ln
276 1684 360 1747 bunc
381 1681 509 1748 modum
530 1681 641 1746 fratres
664 1683 697 1745 ct
719 1682 895 1764 coepiscopi
912 1682 1012 1747 nostri
1029 1679 1203 1763 Eutychius
1223 1678 1302 1744 (lon-
1321 1703 1346 1741 n

174 1788 479 1870 stantinopolitanus‚
489 1785 677 1870 Apollinaris
687 1787 921 1865 Alexandrinus,
931 1787 1105 1852 Domninus
1114 1784 1303 1865 Antiochiae

175 1894 290 1978 Syriae,
326 1894 435 1958 Helias
471 1892 768 1969 Thessalonicensis,
792 1893 847 1957 sed
882 1896 915 1957 at
945 1892 1050 1970 ceteri,
1082 1892 1136 1974 q'ui
1166 1891 1304 1973 primam

172 1999 398 2087 professionem
428 2018 489 2064 nou
520 1998 669 2075 fecerunt,
701 1997 732 2062 in
764 1999 822 2062 bac
854 1998 989 2062 secunda
1020 1996 1214 2081 professione
1247 1999 1303 2060 aut

174 2106 406 2189 suscripserunt
427 2107 482 2169 aut
505 2123 646 2168 seorsum
669 2103 797 2168 eandem
820 2104 969 2169 fecerunt

121 2211 164 2273 20
215 2210 274 2275 His
308 2209 407 2295 igitur
439 2211 484 2274 ita
520 2209 680 2292 dispositis
717 2209 896 2291 optauimus
933 2209 1069 2292 quidem,
1110 2171 1300 2273 uenerabilis
1320 2231 1346 2270 a

136 2315 341 2398 imperator
366 2319 411 2393 ιιι,
435 2316 519 2380 sicut
540 2315 792 2398 frequentissime
816 2315 950 2398 supplici
970 2334 1061 2397 prece
1084 2313 1299 2397 poposcimus,

174 2423 283 2486 euntes
320 2421 358 2486 ad
397 2422 567 2504 quemlibet
601 2422 710 2486 Italiae
745 2422 851 2486 locum
887 2423 942 2485 ant
973 2424 1055 2485 certe
1087 2419 1126 2484 ad
1158 2419 1300 2496 Siciliam

174 2528 353 2593 conuocatis
381 2528 420 2590 ad
446 2547 503 2592 nos
525 2527 686 2592 Africanae
710 2531 743 2592 et
764 2527 894 2591 aliarum
916 2527 1147 2610 prouinciarum
1170 2527 1300 2590 Latinae

172 2632 297 2715 linguae
325 2633 538 2698 sacerdotibus
565 2634 617 2697 uel
645 2633 794 2698 ecclesiae
821 2635 950 2697 nostrae>
977 2631 1105 2697 sacratis
1138 2631 1300 2696 ordinibus

174 2738 344 2802 secundum
382 2738 639 2802 consuetudinem
675 2740 879 2808 tractaremus
917 2740 948 2802 et
984 2738 1021 2801 do
1062 2737 1299 2820 quaestionibus
1318 2759 1346 2800 aa

173 2843 269 2907 trium
284 2843 493 2925 capitulorum
505 2844 615 2926 pietati
629 2848 753 2909 uestrae
765 2845 965 2910 redderemus
975 2845 1066 2926 plena
1076 2830 1299 2909 deliberatione

122 2952 367 3031 2lresponsum.
434 2949 517 3031 quod
541 2934 614 3031 quia
635 2950 702 3014 fieri
724 2952 874 3015 serenitas
898 2953 1004 3015 uestra
1022 2969 1081 3014 non
1101 2949 1219 3027 adnuit,
1239 2950 1299 3014 boc

173 3054 297 3119 interim
319 3054 459 3119 noscitur
482 3055 698 3134 constitutum,
722 3058 759 3121 ut
781 3056 893 3122 oblatis
917 3076 935 3120 a
957 3055 1047 3119 nobis
1065 3053 1300 3118 mansuetudini

173 3163 297 3224 uestrae
320 3161 496 3225 nominibus
521 3160 558 3225 de
583 3180 677 3244 supra
700 3161 833 3244 scriptis.
847 3161 1027 3244 prouinciis,
1053 3160 1106 3242 qni
1133 3159 1298 3224 nobiscum

174 3265 211 3329 ad
239 3267 406 3329 tractatum
434 3265 670 3344 adhiberentur·
685 3268 842 3332 antistites
867 3268 1032 3333 clementia
1052 3269 1158 3331 uestra
1180 3266 1299 3330 faceret
1317 3292 1345 3332 ao

174 3370 330 3435 aduenire.
345 3371 394 3435 oui
415 3371 612 3455 dispositioni
633 3373 708 3439 item
725 3373 926 3457 praebuimus
955 3373 1185 3438 ecclesiasticae
1210 3372 1297 3454 pacis

122 3470 164 3532 22
174 3495 277 3541 amore
292 3490 487 3545 consensum.
524 3484 634 3561 postea
643 3499 717 3544 uero
731 3479 790 3544 hoo
805 3478 906 3563 magis
917 3493 988 3544 cum
1003 3497 1155 3544 consensu
1165 3462 1295 3542 fratrum

208 3716 224 3768 2
249 3717 348 3770 sanctis
372 3721 487 3786 quatuor
507 3718 539 3772 0¹
609 3720 654 3773 uel
676 3737 729 3773 uno
751 3719 774 3773 0
834 3722 858 3775 -3
877 3724 905 3803 et
931 3724 998 3788 (non
1016 3724 1043 3774 et
1062 3721 1095 3790 si)
1121 3721 1149 3773 in
1172 3722 1299 3777 ctr'omG

173 3804 276 3858 hisdem
295 3804 333 3859 V.-
350 3806 392 3859 bis
409 3806 437 3869 0,
457 3806 555 3870 τούτοις
569 3809 609 3863 Gr
644 3809 660 3861 7
679 3809 822 3879 propositis
841 3811 940 3863 sanctis
960 3808 1066 3892 trent]
1099 3809 1115 3862 8
1135 3809 1249 3863 conferri
1264 3808 1299 3863 0²

96 3948 98 3950 ,
174 3898 198 3947 et
224 3899 287 3948 teate
308 3895 426 3948 Baluzio
452 3893 494 3959 0³,
523 3894 711 3966 ἀντιβληθῆναι
736 3897 790 3951 Gr:
817 3898 935 3951 confiteri
962 3897 1020 3952 1⁷0¹
1080 3898 1112 3952 10
1136 3899 1247 3968 papatis
1274 3901 1296 3954 V

175 4009 207 4063 15
226 4009 357 4063 eutichius
380 4010 407 4063 V
465 4012 497 4065 16
517 3976 672 4079 apollenan¹
695 4012 721 4066 V
780 4014 811 4066 17
830 4013 1080 4084 tesalonicepsisV
1134 4015 1168 4068 28
1187 4015 1294 4069 interim

173 4096 283 4166 scepei:
307 4098 403 4151 itcmm
427 4097 453 4150 V
539 4096 572 4152 30
595 4099 762 4153 tractandum
781 4100 850 4155 Bor.
939 4102 971 4154 31
992 4103 1056 4154 item
1075 4103 1160 4157 Bac:
1179 4103 1250 4158 idem
1274 4103 1301 4156 V
1397 4163 1399 4166 Α
