2904 4672
121 226 177 290 LX
539 221 826 291 Prolegomena.

123 437 158 482 ex
170 415 360 482 lectionibus
380 430 487 480 eorum
501 433 520 479 a
533 415 825 497 Leopoldo·1)elisle
840 416 871 480 in
884 432 978 482 usum
993 437 1099 483 meum
1114 414 1248 507 benigne

122 522 255 619 enotatis
279 521 374 586 etiam
397 539 450 585 eos
473 521 625 604 pertinere
648 521 687 585 sd
710 522 845 587 classem
867 518 905 588 X.

167 647 215 711 De
242 646 360 710 uirtute
387 645 550 727 utriusque
577 644 715 711 familiae
743 644 771 709 si
798 645 978 728 quaesieris,
1006 646 1168 730 propalam
1201 651 1251 714 est

124 753 262 818 codicem
289 744 321 814 Φ
350 751 454 834 aliqua
479 749 647 834 integriora
674 752 786 816 habere
814 771 908 834 quam
936 753 973 832 V,
1002 753 1031 816 in
1062 753 1249 832 uniuersum

123 864 228 925 tamen
252 866 290 923 ao
313 857 384 935 hoc,
408 857 553 940 quamuis
576 860 679 922 aetate
703 857 746 922 sit
767 858 868 923 multo
890 858 1055 937 recentior,
1077 857 1248 924 lectionum

124 964 314 1048 praestantia
338 964 431 1048 longe
459 963 607 1045 superari.
635 982 706 1029 meo
734 963 831 1047 igitur
856 963 924 1028 iure
953 964 1046 1029 etiam
1078 964 1124 1029 eis
1155 965 1248 1042 locis,

122 1070 178 1135 ubi
212 1070 314 1134 utrius
351 1068 462 1134 classis
498 1069 595 1134 uerba
629 1068 830 1153 pracferenda
867 1072 940 1148 sint,
978 1060 1081 1152 possit
1116 1069 1246 1135 datiam

123 1175 233 1255 uideri,
255 1175 359 1258 recepi
380 1174 548 1240 lectionem
571 1175 750 1240 Atellanae.
859 1237 862 1249 ,

166 1299 279 1365 Iacobo
303 1297 457 1376 sirmond,
482 1298 535 1380 qui
567 1298 687 1381 primus
709 1297 853 1363 libellum
877 1281 1130 1382 presbyterorum
1148 1297 1249 1365 edidit

124 1404 179 1491 (ci.
208 1424 287 1489 quae
313 1404 403 1470 initio
431 1423 478 1488 cp.
508 1406 525 1468 1
556 1403 749 1490 subnotaui)‚
776 1407 902 1487 praesto
931 1405 1057 1470 luerunt
1088 1406 1121 1468 et
1152 1399 1248 1470 codex

124 1510 238 1593 aliquis
262 1509 458 1577 collectionis
481 1509 651 1574 Auellanae
673 1509 797 1575 rediens
821 1509 859 1574 ad
883 1507 1134 1575 Ottobonianum
1151 1531 1168 1573 o
1186 1508 1255 1576 iam·

124 1615 332 1681 correctiones
365 1635 513 1679 manuum
545 1613 755 1680 recentiorum
787 1612 846 1701 (0²)
879 1617 1039 1699 expertum
1071 1619 1103 1681 et
1130 1615 1247 1682 codicis

124 1720 307 1806 Angelieani
329 1721 393 1785 292
417 1720 615 1790 simillimum
640 1723 672 1786 et
703 1719 798 1786 codex
829 1720 944 1804 aliquis
976 1719 1016 1785 ad
1041 1720 1194 1796 familiam
1217 1717 1249 1784 ‹1›

123 1827 291 1909 pertinens,
314 1826 347 1893 ni
368 1827 460 1892 fallor
482 1827 549 1910 ipse
571 1826 733 1892 Parisinus
755 1847 775 1889 a
798 1826 873 1892 olim
897 1826 1105 1893 colbertinus.

452 2036 505 2101 De
527 2035 761 2102 recensione
785 2056 838 2119 ep.
863 2037 915 2103 37.

170 2177 349 2260 Epistulam
375 2177 417 2242 37
446 2177 484 2242 ab
511 2177 649 2243 Honorio
677 2178 822 2261 Augusto
850 2176 890 2242 ad
915 2178 1109 2244 Bonifatium
1134 2195 1250 2261 papam

128 2282 233 2348 datam
254 2285 378 2365 praeter
397 2283 583 2348 Auellanam
606 2287 728 2367 septem
751 2286 956 2350 semauerunt
978 2284 1195 2351 collectiones:

172 2406 204 2491 1)
228 2403 474 2471 Z=‘collectio
512 2403 788 2471 Sanblasians‘
825 2405 982 2488 descripta
1017 2425 1036 2470 a
1069 2406 1247 2484 Maasseno

127 2508 319 2591 Geschichtc
342 2509 397 2574 der
420 2507 585 2589 Quellen..
607 2529 639 2593 p.
663 2512 726 2576 504
751 2530 818 2594 sqq.
841 2511 965 2577 codices
989 2510 1137 2579 adhibui:

168 2633 199 2702 (¹
212 2659 255 2690 =
270 2630 410 2698 Sanblas.
440 2635 460 2698 6
492 2650 574 2698 saec.
606 2632 652 2698 VI
681 2633 712 2698 in
744 2633 862 2717 Meyeri
893 2650 987 2700 usum
1019 2630 1177 2706 ¹collatum
1210 2635 1249 2709 ab

269 2739 418 2804 Anselmo
442 2739 561 2804 Achata
584 2738 757 2812 archinario
781 2738 813 2806 S.
830 2740 929 2804 Pauli
949 2740 983 2817 in
1006 2739 1182 2819 Garinthia3

169 2864 201 2933 ζ’
214 2889 257 2918 =
271 2862 403 2926 Lucens.
426 2863 490 2927 490
512 2861 723 2928 bibliothecae
747 2862 928 2946 capitularis
952 2858 1034 2930 saec.
1056 2862 1150 2941 VllI;
1179 2881 1250 2930 con-

268 2967 330 3033 tuli
352 2985 431 3034 anno
456 2969 560 3046 1889;
1073 2972 1075 2976 ’

169 3091 255 3163 t³=
269 3091 366 3157 Paris.
395 3090 451 3157 lat.
485 3092 571 3156 3836
603 3108 685 3164 saec.
714 3078 800 3172 vm,
829 3092 919 3160 cuius
946 3093 1096 3159 lectiones
1123 3095 1250 3177 Meyero

269 3193 487 3279 suppeditent
507 3196 604 3264 Henr.
627 3194 758 3274 Omont;

169 3317 200 3390 ζ*
214 3318 368 3384 :Paria
403 3312 472 3383 lac·
498 3320 581 3384 1455
618 3338 700 3385 saec.
737 3320 776 3388 Χ.
813 3320 952 3387 continet
984 3319 1199 3394 collectionem
1232 3339 1251 3387 a

269 3423 434 3490 Maassono
471 3421 515 3508 (p.
550 3427 614 3491 536
646 3421 729 3511 sqq.)
762 3425 878 3492 dictam
911 3425 1035 3504 Codicis
1067 3425 1249 3504 colbertini,

128 3532 239 3632 scepei
267 3530 509 3613 ortospanum
521 3530 1069 3632 pmtcmripscmfficitsanblasiana
1087 3533 1250 3610 collectim

16 3717 17 3720 Ἴ
126 3653 187 3732 'frou
218 3635 950 3726 melectionesococieisrtelsopOttqntncmtn.

127 3752 307 3845 cepaea
323 3751 499 3824 sarrensi
514 3751 676 3829 manem
697 3750 876 3826 maiorm
897 3761 1071 3847 romanam
1105 3781 1137 3844 p.
1170 3739 1250 3849 sae)

124 3850 564 3950 recommemorent
588 3853 1084 3951 eaeoorropeuouounam
1127 3903 1133 3911 =
1214 3929 1216 3933 ,

128 3963 252 4072 alietas
265 3963 477 4078 arcessam
502 3959 1076 4126 catassamiaessropuajseen
1104 3958 1248 4097 illitis

125 4067 529 4158 &Qffiffipfflfflffifmdorl
559 4086 617 4129 nou
647 4066 776 4128 aotrrlloo
806 4066 887 4126 ooli
917 4083 948 4126 -s
982 4066 1060 4153 reci
1091 4064 1249 4126 aomarrssl
