<?xml version="1.0" encoding="UTF-8"?>
<!DOCTYPE html PUBLIC "-//W3C//DTD XHTML 1.0 Transitional//EN"
    "http://www.w3.org/TR/xhtml1/DTD/xhtml1-transitional.dtd">
<html xmlns="http://www.w3.org/1999/xhtml" xml:lang="en" lang="en">
 <head>
  <title>
</title>
<meta http-equiv="Content-Type" content="text/html;charset=utf-8" />
  <meta name='ocr-system' content='tesseract 3.04.00' />
  <meta name='ocr-capabilities' content='ocr_page ocr_carea ocr_par ocr_line ocrx_word'/>
</head>
<body>
  <div class='ocr_page' id='page_1' title='image "./epistulaeimpera01gngoog_0413.png"; bbox 0 0 2904 4672; ppageno 0'>
   <div class='ocr_carea' id='block_1_1' title="bbox 143 272 996 343">
    <p class='ocr_par' dir='ltr' id='par_1_1' title="bbox 143 272 996 343">
     <span class='ocr_line' id='line_1_1' title="bbox 143 272 996 343; baseline -0.005 -12"><span class='ocrx_word' id='word_1_1' title='bbox 143 278 206 340; x_wconf 81' lang='grc'>308</span> <span class='ocrx_word' id='word_1_2' title='bbox 405 273 499 342; x_wconf 85' lang='lat' dir='ltr'>Uigilii</span> <span class='ocrx_word' id='word_1_3' title='bbox 518 273 695 326; x_wconf 88' lang='lat' dir='ltr'>constitutum</span> <span class='ocrx_word' id='word_1_4' title='bbox 714 272 747 326; x_wconf 89' lang='lat' dir='ltr'>de</span> <span class='ocrx_word' id='word_1_5' title='bbox 765 272 852 326; x_wconf 88' lang='lat' dir='ltr'>tribus</span> <span class='ocrx_word' id='word_1_6' title='bbox 871 275 996 343; x_wconf 83' lang='lat' dir='ltr'>capitulis</span> 
     </span>
    </p>
   </div>
   <div class='ocr_carea' id='block_1_2' title="bbox 51 468 1309 3509">
    <p class='ocr_par' dir='ltr' id='par_1_2' title="bbox 51 468 1309 3509">
     <span class='ocr_line' id='line_1_2' title="bbox 140 468 1283 552; baseline 0 -19"><span class='ocrx_word' id='word_1_7' title='bbox 140 469 241 552; x_wconf 92' lang='lat' dir='ltr'>ipsius</span> <span class='ocrx_word' id='word_1_8' title='bbox 274 487 374 550; x_wconf 88' lang='lat' dir='ltr'>usque</span> <span class='ocrx_word' id='word_1_9' title='bbox 406 468 444 531; x_wconf 89' lang='lat' dir='ltr'>ad</span> <span class='ocrx_word' id='word_1_10' title='bbox 476 468 593 531; x_wconf 81' lang='lat' dir='ltr'>exitum</span> <span class='ocrx_word' id='word_1_11' title='bbox 625 468 832 550; x_wconf 78' lang='lat' dir='ltr'>permansisse</span> <span class='ocrx_word' id='word_1_12' title='bbox 864 469 1025 551; x_wconf 85' lang='lat' dir='ltr'>professus</span> <span class='ocrx_word' id='word_1_13' title='bbox 1056 472 1116 534; x_wconf 90' lang='lat' dir='ltr'>est.</span> <span class='ocrx_word' id='word_1_14' title='bbox 1145 489 1180 533; x_wconf 86' lang='lat' dir='ltr'>er</span> <span class='ocrx_word' id='word_1_15' title='bbox 1206 489 1283 552; x_wconf 87' lang='lat' dir='ltr'>quo.</span> 
     </span>
     <span class='ocr_line' id='line_1_3' title="bbox 140 573 1266 658; baseline -0.001 -19"><span class='ocrx_word' id='word_1_16' title='bbox 140 578 268 658; x_wconf 71' lang='lat' dir='ltr'>apponte</span> <span class='ocrx_word' id='word_1_17' title='bbox 254 573 494 638; x_wconf 88' lang='lat' dir='ltr'>tuenerabiiem</span> <span class='ocrx_word' id='word_1_18' title='bbox 519 574 656 646; x_wconf 81' lang='lat' dir='ltr'>(Ibam)</span> <span class='ocrx_word' id='word_1_19' title='bbox 680 578 721 650; x_wconf 85' lang='lat' dir='ltr'>et,</span> <span class='ocrx_word' id='word_1_20' title='bbox 744 574 927 656; x_wconf 87' lang='lat' dir='ltr'>priusquam</span> <span class='ocrx_word' id='word_1_21' title='bbox 949 575 1114 639; x_wconf 80' lang='lat' dir='ltr'>duodecim</span> <span class='ocrx_word' id='word_1_22' title='bbox 1132 575 1216 657; x_wconf 85' lang='lat' dir='ltr'>capit</span> <span class='ocrx_word' id='word_1_23' title='bbox 1202 577 1266 639; x_wconf 84' lang='lat' dir='ltr'>tuta</span> 
     </span>
     <span class='ocr_line' id='line_1_4' title="bbox 140 679 1265 775; baseline -0.001 -30"><span class='ocrx_word' id='word_1_24' title='bbox 140 681 224 775; x_wconf 80' lang='lat' dir='ltr'>beati</span> <span class='ocrx_word' id='word_1_25' title='bbox 199 679 373 766; x_wconf 82' lang='lat' dir='ltr'>tCyriDi</span> <span class='ocrx_word' id='word_1_26' title='bbox 413 679 617 762; x_wconf 77' lang='lat' dir='ltr'>intellegeret,</span> <span class='ocrx_word' id='word_1_27' title='bbox 660 697 731 743; x_wconf 89' lang='lat' dir='ltr'>cum</span> <span class='ocrx_word' id='word_1_28' title='bbox 771 680 803 742; x_wconf 90' lang='lat' dir='ltr'>in</span> <span class='ocrx_word' id='word_1_29' title='bbox 844 680 889 744; x_wconf 91' lang='lat' dir='ltr'>eis</span> <span class='ocrx_word' id='word_1_30' title='bbox 926 681 1139 762; x_wconf 87' lang='lat' dir='ltr'>suspicaretur</span> <span class='ocrx_word' id='word_1_31' title='bbox 1174 701 1265 746; x_wconf 87' lang='lat' dir='ltr'>unam</span> 
     </span>
     <span class='ocr_line' id='line_1_5' title="bbox 141 759 1265 869; baseline 0 -19"><span class='ocrx_word' id='word_1_32' title='bbox 141 759 258 850; x_wconf 80' lang='lat' dir='ltr'>Christi</span> <span class='ocrx_word' id='word_1_33' title='bbox 233 785 469 867; x_wconf 87' lang='lat' dir='ltr'>tpraedicari</span> <span class='ocrx_word' id='word_1_34' title='bbox 509 788 563 849; x_wconf 87' lang='lat' dir='ltr'>nat</span> <span class='ocrx_word' id='word_1_35' title='bbox 564 804 662 862; x_wconf 89' lang='lat' dir='ltr'>uram</span> <span class='ocrx_word' id='word_1_36' title='bbox 704 785 874 850; x_wconf 82' lang='lat' dir='ltr'>orthodoxo</span> <span class='ocrx_word' id='word_1_37' title='bbox 916 804 1020 864; x_wconf 81' lang='lat' dir='ltr'>sensu,</span> <span class='ocrx_word' id='word_1_38' title='bbox 1062 787 1146 869; x_wconf 91' lang='lat' dir='ltr'>quod</span> <span class='ocrx_word' id='word_1_39' title='bbox 1187 787 1265 850; x_wconf 87' lang='lat' dir='ltr'>male</span> 
     </span>
     <span class='ocr_line' id='line_1_6' title="bbox 140 891 1303 974; baseline -0.002 -19"><span class='ocrx_word' id='word_1_40' title='bbox 140 891 260 956; x_wconf 90' lang='lat' dir='ltr'>dictum</span> <span class='ocrx_word' id='word_1_41' title='bbox 283 910 335 954; x_wconf 90' lang='lat' dir='ltr'>aes</span> <span class='ocrx_word' id='word_1_42' title='bbox 337 891 514 967; x_wconf 87' lang='lat' dir='ltr'>timauerat</span> <span class='ocrx_word' id='word_1_43' title='bbox 537 892 720 973; x_wconf 82' lang='lat' dir='ltr'>reprobasse</span> <span class='ocrx_word' id='word_1_44' title='bbox 743 893 869 974; x_wconf 90' lang='lat' dir='ltr'>etpost</span> <span class='ocrx_word' id='word_1_45' title='bbox 893 892 1136 974; x_wconf 84' lang='lat' dir='ltr'>explanationem</span> <span class='ocrx_word' id='word_1_46' title='bbox 1161 911 1265 956; x_wconf 91' lang='lat' dir='ltr'>eorum</span> <span class='ocrx_word' id='word_1_47' title='bbox 1292 913 1303 953; x_wconf 80' lang='grc' dir='ltr'>ι</span> 
     </span>
     <span class='ocr_line' id='line_1_7' title="bbox 139 997 1265 1080; baseline -0.001 -19"><span class='ocrx_word' id='word_1_48' title='bbox 139 999 215 1064; x_wconf 90' lang='lat' dir='ltr'>item</span> <span class='ocrx_word' id='word_1_49' title='bbox 243 997 412 1062; x_wconf 83' lang='lat' dir='ltr'>orthodoxo</span> <span class='ocrx_word' id='word_1_50' title='bbox 441 1015 545 1073; x_wconf 84' lang='lat' dir='ltr'>sensu,</span> <span class='ocrx_word' id='word_1_51' title='bbox 570 1015 648 1078; x_wconf 88' lang='lat' dir='ltr'>quae</span> <span class='ocrx_word' id='word_1_52' title='bbox 671 1000 755 1061; x_wconf 88' lang='lat' dir='ltr'>recte</span> <span class='ocrx_word' id='word_1_53' title='bbox 779 997 863 1060; x_wconf 85' lang='lat' dir='ltr'>dicta</span> <span class='ocrx_word' id='word_1_54' title='bbox 885 1000 1085 1080; x_wconf 82' lang='lat' dir='ltr'>cognouerat,</span> <span class='ocrx_word' id='word_1_55' title='bbox 1108 997 1265 1061; x_wconf 87' lang='lat' dir='ltr'>uenerabi-</span> 
     </span>
     <span class='ocr_line' id='line_1_8' title="bbox 54 1099 1295 1186; baseline 0.004 -25"><span class='ocrx_word' id='word_1_56' title='bbox 54 1099 117 1163; x_wconf 84' lang='grc'>276</span> <span class='ocrx_word' id='word_1_57' title='bbox 139 1104 211 1167; x_wconf 87' lang='lat' dir='ltr'>liter</span> <span class='ocrx_word' id='word_1_58' title='bbox 237 1104 426 1186; x_wconf 84' lang='lat' dir='ltr'>suscepisse.</span> <span class='ocrx_word' id='word_1_59' title='bbox 454 1102 509 1166; x_wconf 91' lang='lat' dir='ltr'>sed</span> <span class='ocrx_word' id='word_1_60' title='bbox 532 1105 565 1167; x_wconf 90' lang='lat' dir='ltr'>et</span> <span class='ocrx_word' id='word_1_61' title='bbox 585 1102 664 1166; x_wconf 86' lang='lat' dir='ltr'>iliud</span> <span class='ocrx_word' id='word_1_62' title='bbox 686 1102 899 1167; x_wconf 78' lang='lat' dir='ltr'>indubitanter</span> <span class='ocrx_word' id='word_1_63' title='bbox 922 1105 1105 1168; x_wconf 90' lang='lat' dir='ltr'>cunctorum</span> <span class='ocrx_word' id='word_1_64' title='bbox 1127 1101 1265 1167; x_wconf 89' lang='lat' dir='ltr'>fidelium</span> <span class='ocrx_word' id='word_1_65' title='bbox 1293 1138 1295 1143; x_wconf 94' lang='lat'><em>·</em></span> 
     </span>
     <span class='ocr_line' id='line_1_9' title="bbox 138 1207 1264 1291; baseline 0.001 -18"><span class='ocrx_word' id='word_1_66' title='bbox 138 1209 296 1273; x_wconf 89' lang='lat' dir='ltr'>mentibus</span> <span class='ocrx_word' id='word_1_67' title='bbox 322 1211 419 1290; x_wconf 90' lang='lat' dir='ltr'>patet,</span> <span class='ocrx_word' id='word_1_68' title='bbox 448 1209 530 1290; x_wconf 91' lang='lat' dir='ltr'>quod</span> <span class='ocrx_word' id='word_1_69' title='bbox 557 1207 658 1290; x_wconf 86' lang='lat' dir='ltr'>magis</span> <span class='ocrx_word' id='word_1_70' title='bbox 685 1207 717 1271; x_wconf 93' lang='lat' dir='ltr'>in</span> <span class='ocrx_word' id='word_1_71' title='bbox 744 1208 908 1290; x_wconf 85' lang='lat' dir='ltr'>Ephesena</span> <span class='ocrx_word' id='word_1_72' title='bbox 938 1208 1075 1273; x_wconf 89' lang='lat' dir='ltr'>secunda</span> <span class='ocrx_word' id='word_1_73' title='bbox 1099 1208 1264 1291; x_wconf 89' lang='lat' dir='ltr'>&lt;synodo&gt;</span> 
     </span>
     <span class='ocr_line' id='line_1_10' title="bbox 139 1313 1267 1395; baseline -0.001 -18"><span class='ocrx_word' id='word_1_74' title='bbox 139 1314 295 1379; x_wconf 87' lang='lat' dir='ltr'>haeretico</span> <span class='ocrx_word' id='word_1_75' title='bbox 321 1314 485 1378; x_wconf 86' lang='lat' dir='ltr'>intellectu</span> <span class='ocrx_word' id='word_1_76' title='bbox 508 1313 679 1377; x_wconf 78' lang='lat' dir='ltr'>Dioscorus</span> <span class='ocrx_word' id='word_1_77' title='bbox 702 1332 774 1378; x_wconf 90' lang='lat' dir='ltr'>cum</span> <span class='ocrx_word' id='word_1_78' title='bbox 796 1313 938 1395; x_wconf 79' lang='lat' dir='ltr'>Eutyche</span> <span class='ocrx_word' id='word_1_79' title='bbox 970 1314 1061 1378; x_wconf 87' lang='lat' dir='ltr'>heato</span> <span class='ocrx_word' id='word_1_80' title='bbox 1091 1314 1209 1395; x_wconf 74' lang='lat' dir='ltr'>cyrillo</span> <span class='ocrx_word' id='word_1_81' title='bbox 1237 1317 1267 1376; x_wconf 81' lang='lat' dir='ltr'>et</span> 
     </span>
     <span class='ocr_line' id='line_1_11' title="bbox 137 1418 1306 1502; baseline 0 -18"><span class='ocrx_word' id='word_1_82' title='bbox 137 1420 238 1502; x_wconf 92' lang='lat' dir='ltr'>primo</span> <span class='ocrx_word' id='word_1_83' title='bbox 256 1421 419 1502; x_wconf 84' lang='lat' dir='ltr'>Epheseno</span> <span class='ocrx_word' id='word_1_84' title='bbox 435 1419 566 1485; x_wconf 92' lang='lat' dir='ltr'>concilio</span> <span class='ocrx_word' id='word_1_85' title='bbox 585 1418 790 1483; x_wconf 85' lang='lat' dir='ltr'>contumelias</span> <span class='ocrx_word' id='word_1_86' title='bbox 808 1419 987 1502; x_wconf 86' lang='lat' dir='ltr'>inrogarint,</span> <span class='ocrx_word' id='word_1_87' title='bbox 1002 1419 1056 1502; x_wconf 89' lang='lat' dir='ltr'>qui</span> <span class='ocrx_word' id='word_1_88' title='bbox 1070 1419 1269 1485; x_wconf 87' lang='lat' dir='ltr'>crediderunt</span> <span class='ocrx_word' id='word_1_89' title='bbox 1284 1445 1306 1484; x_wconf 80' lang='lat' dir='ltr'>ro</span> 
     </span>
     <span class='ocr_line' id='line_1_12' title="bbox 138 1524 1266 1609; baseline 0.001 -20"><span class='ocrx_word' id='word_1_90' title='bbox 138 1529 282 1590; x_wconf 87' lang='lat' dir='ltr'>sanctum</span> <span class='ocrx_word' id='word_1_91' title='bbox 311 1524 461 1609; x_wconf 80' lang='lat' dir='ltr'>Cyrillum</span> <span class='ocrx_word' id='word_1_92' title='bbox 488 1544 582 1589; x_wconf 91' lang='lat' dir='ltr'>unam</span> <span class='ocrx_word' id='word_1_93' title='bbox 610 1527 752 1589; x_wconf 89' lang='lat' dir='ltr'>naturam</span> <span class='ocrx_word' id='word_1_94' title='bbox 779 1525 809 1588; x_wconf 89' lang='lat' dir='ltr'>in</span> <span class='ocrx_word' id='word_1_95' title='bbox 835 1524 958 1589; x_wconf 92' lang='lat' dir='ltr'>domino</span> <span class='ocrx_word' id='word_1_96' title='bbox 983 1525 1040 1590; x_wconf 91' lang='lat' dir='ltr'>deo</span> <span class='ocrx_word' id='word_1_97' title='bbox 1063 1528 1171 1590; x_wconf 89' lang='lat' dir='ltr'>nostro</span> <span class='ocrx_word' id='word_1_98' title='bbox 1194 1525 1266 1590; x_wconf 90' lang='lat' dir='ltr'>Iesu</span> 
     </span>
     <span class='ocr_line' id='line_1_13' title="bbox 139 1630 1268 1716; baseline 0 -20"><span class='ocrx_word' id='word_1_99' title='bbox 139 1630 264 1716; x_wconf 82' lang='lat' dir='ltr'>Christo</span> <span class='ocrx_word' id='word_1_100' title='bbox 296 1650 351 1715; x_wconf 90' lang='lat' dir='ltr'>per</span> <span class='ocrx_word' id='word_1_101' title='bbox 383 1631 549 1695; x_wconf 89' lang='lat' dir='ltr'>duodecim</span> <span class='ocrx_word' id='word_1_102' title='bbox 581 1649 638 1694; x_wconf 89' lang='lat' dir='ltr'>sua</span> <span class='ocrx_word' id='word_1_103' title='bbox 668 1630 864 1711; x_wconf 84' lang='lat' dir='ltr'>praedicasse</span> <span class='ocrx_word' id='word_1_104' title='bbox 896 1631 980 1714; x_wconf 89' lang='lat' dir='ltr'>capit</span> <span class='ocrx_word' id='word_1_105' title='bbox 966 1630 1043 1708; x_wconf 83' lang='lat' dir='ltr'>t‚ula</span> <span class='ocrx_word' id='word_1_106' title='bbox 1077 1633 1109 1697; x_wconf 89' lang='lat' dir='ltr'>et</span> <span class='ocrx_word' id='word_1_107' title='bbox 1140 1631 1181 1695; x_wconf 92' lang='lat' dir='ltr'>ob</span> <span class='ocrx_word' id='word_1_108' title='bbox 1207 1632 1268 1696; x_wconf 91' lang='lat' dir='ltr'>hoc</span> 
     </span>
     <span class='ocr_line' id='line_1_14' title="bbox 94 1734 1267 1821; baseline 0 -20"><span class='ocrx_word' id='word_1_109' title='bbox 94 1737 260 1821; x_wconf 90' lang='lat' dir='ltr'>aliquos</span> <span class='ocrx_word' id='word_1_110' title='bbox 284 1736 457 1802; x_wconf 85' lang='lat' dir='ltr'>Orientales</span> <span class='ocrx_word' id='word_1_111' title='bbox 481 1737 656 1820; x_wconf 85' lang='lat' dir='ltr'>episcopos,</span> <span class='ocrx_word' id='word_1_112' title='bbox 676 1734 729 1817; x_wconf 94' lang='lat' dir='ltr'>qui</span> <span class='ocrx_word' id='word_1_113' title='bbox 747 1735 840 1800; x_wconf 88' lang='lat' dir='ltr'>unius</span> <span class='ocrx_word' id='word_1_114' title='bbox 859 1739 986 1800; x_wconf 91' lang='lat' dir='ltr'>naturae</span> <span class='ocrx_word' id='word_1_115' title='bbox 1003 1736 1267 1819; x_wconf 77' lang='lat' dir='ltr'>praedicacionem</span> 
     </span>
     <span class='ocr_line' id='line_1_15' title="bbox 51 1840 1269 1924; baseline 0.001 -19"><span class='ocrx_word' id='word_1_116' title='bbox 51 1840 191 1907; x_wconf 88' lang='grc'>2771</span> <span class='ocrx_word' id='word_1_117' title='bbox 138 1844 305 1909; x_wconf 90' lang='lat' dir='ltr'>uoluerunt</span> <span class='ocrx_word' id='word_1_118' title='bbox 336 1842 505 1924; x_wconf 87' lang='lat' dir='ltr'>suscipere</span> <span class='ocrx_word' id='word_1_119' title='bbox 538 1842 709 1906; x_wconf 85' lang='lat' dir='ltr'>Dioscorus</span> <span class='ocrx_word' id='word_1_120' title='bbox 742 1841 979 1906; x_wconf 88' lang='lat' dir='ltr'>condemnauit:</span> <span class='ocrx_word' id='word_1_121' title='bbox 948 1843 1092 1906; x_wconf 90' lang='lat' dir='ltr'>tinter</span> <span class='ocrx_word' id='word_1_122' title='bbox 1122 1860 1203 1923; x_wconf 89' lang='lat' dir='ltr'>quos</span> <span class='ocrx_word' id='word_1_123' title='bbox 1236 1845 1269 1906; x_wconf 92' lang='lat' dir='ltr'>et</span> 
     </span>
     <span class='ocr_line' id='line_1_16' title="bbox 137 1946 1308 2031; baseline -0.001 -17"><span class='ocrx_word' id='word_1_124' title='bbox 137 1950 226 2014; x_wconf 87' lang='lat' dir='ltr'>Ibam</span> <span class='ocrx_word' id='word_1_125' title='bbox 253 1949 434 2031; x_wconf 85' lang='lat' dir='ltr'>episcopum</span> <span class='ocrx_word' id='word_1_126' title='bbox 461 1949 588 2031; x_wconf 87' lang='lat' dir='ltr'>propter</span> <span class='ocrx_word' id='word_1_127' title='bbox 615 1948 693 2012; x_wconf 92' lang='lat' dir='ltr'>hanc</span> <span class='ocrx_word' id='word_1_128' title='bbox 721 1946 898 2029; x_wconf 84' lang='lat' dir='ltr'>specialiter</span> <span class='ocrx_word' id='word_1_129' title='bbox 923 1947 996 2011; x_wconf 91' lang='lat' dir='ltr'>fidei</span> <span class='ocrx_word' id='word_1_130' title='bbox 1023 1946 1308 2029; x_wconf 82' lang='lat' dir='ltr'>eiusproiessi·1e</span> 
     </span>
     <span class='ocr_line' id='line_1_17' title="bbox 139 2052 1267 2136; baseline -0.002 -17"><span class='ocrx_word' id='word_1_131' title='bbox 139 2074 239 2135; x_wconf 90' lang='lat' dir='ltr'>onem,</span> <span class='ocrx_word' id='word_1_132' title='bbox 268 2071 328 2136; x_wconf 88' lang='lat' dir='ltr'>qua</span> <span class='ocrx_word' id='word_1_133' title='bbox 357 2053 448 2118; x_wconf 88' lang='lat' dir='ltr'>duas</span> <span class='ocrx_word' id='word_1_134' title='bbox 471 2055 637 2130; x_wconf 80' lang='lat' dir='ltr'>naturas,</span> <span class='ocrx_word' id='word_1_135' title='bbox 660 2072 768 2116; x_wconf 89' lang='lat' dir='ltr'>unam</span> <span class='ocrx_word' id='word_1_136' title='bbox 793 2052 988 2131; x_wconf 82' lang='lat' dir='ltr'>uirtutem,</span> <span class='ocrx_word' id='word_1_137' title='bbox 1012 2072 1119 2117; x_wconf 91' lang='lat' dir='ltr'>unam</span> <span class='ocrx_word' id='word_1_138' title='bbox 1141 2072 1267 2135; x_wconf 92' lang='lat' dir='ltr'>perso-</span> 
     </span>
     <span class='ocr_line' id='line_1_18' title="bbox 139 2157 1267 2241; baseline -0.003 -17"><span class='ocrx_word' id='word_1_139' title='bbox 139 2158 371 2241; x_wconf 46' lang='lat' dir='ltr'>n‘amsquod</span> <span class='ocrx_word' id='word_1_140' title='bbox 412 2161 470 2223; x_wconf 88' lang='lat' dir='ltr'>est</span> <span class='ocrx_word' id='word_1_141' title='bbox 508 2177 603 2223; x_wconf 91' lang='lat' dir='ltr'>unus</span> <span class='ocrx_word' id='word_1_142' title='bbox 643 2157 752 2222; x_wconf 85' lang='lat' dir='ltr'>filius</span> <span class='ocrx_word' id='word_1_143' title='bbox 790 2157 959 2223; x_wconf 90' lang='lat' dir='ltr'>dominus</span> <span class='ocrx_word' id='word_1_144' title='bbox 995 2160 1123 2224; x_wconf 87' lang='lat' dir='ltr'>noster</span> <span class='ocrx_word' id='word_1_145' title='bbox 1158 2159 1267 2223; x_wconf 91' lang='lat' dir='ltr'>Iesus</span> 
     </span>
     <span class='ocr_line' id='line_1_19' title="bbox 140 2262 1272 2346; baseline -0.001 -17"><span class='ocrx_word' id='word_1_146' title='bbox 140 2264 327 2341; x_wconf 83' lang='lat' dir='ltr'>Christus,</span> <span class='ocrx_word' id='word_1_147' title='bbox 356 2263 551 2346; x_wconf 88' lang='lat' dir='ltr'>apertissime</span> <span class='ocrx_word' id='word_1_148' title='bbox 575 2263 748 2342; x_wconf 87' lang='lat' dir='ltr'>confitetur,</span> <span class='ocrx_word' id='word_1_149' title='bbox 772 2268 809 2328; x_wconf 86' lang='lat' dir='ltr'>ut</span> <span class='ocrx_word' id='word_1_150' title='bbox 831 2264 1024 2328; x_wconf 87' lang='lat' dir='ltr'>haereticum</span> <span class='ocrx_word' id='word_1_151' title='bbox 1046 2262 1272 2328; x_wconf 85' lang='lat' dir='ltr'>condemnauit</span> 
     </span>
     <span class='ocr_line' id='line_1_20' title="bbox 139 2368 1269 2454; baseline 0 -20"><span class='ocrx_word' id='word_1_152' title='bbox 139 2373 172 2434; x_wconf 91' lang='lat' dir='ltr'>et</span> <span class='ocrx_word' id='word_1_153' title='bbox 209 2371 373 2454; x_wconf 80' lang='lat' dir='ltr'>Eutychen</span> <span class='ocrx_word' id='word_1_154' title='bbox 411 2372 538 2452; x_wconf 90' lang='lat' dir='ltr'>propter</span> <span class='ocrx_word' id='word_1_155' title='bbox 577 2368 670 2432; x_wconf 91' lang='lat' dir='ltr'>unius</span> <span class='ocrx_word' id='word_1_156' title='bbox 712 2372 838 2434; x_wconf 89' lang='lat' dir='ltr'>naturae</span> <span class='ocrx_word' id='word_1_157' title='bbox 878 2369 1142 2453; x_wconf 87' lang='lat' dir='ltr'>praedicationem</span> <span class='ocrx_word' id='word_1_158' title='bbox 1183 2369 1269 2434; x_wconf 90' lang='lat' dir='ltr'>sicut</span> 
     </span>
     <span class='ocr_line' id='line_1_21' title="bbox 139 2473 1309 2556; baseline 0.004 -17"><span class='ocrx_word' id='word_1_159' title='bbox 139 2475 328 2547; x_wconf 89' lang='lat' dir='ltr'>catholicum</span> <span class='ocrx_word' id='word_1_160' title='bbox 344 2473 517 2551; x_wconf 84' lang='lat' dir='ltr'>reuocauit,</span> <span class='ocrx_word' id='word_1_161' title='bbox 536 2473 683 2538; x_wconf 86' lang='lat' dir='ltr'>damnans</span> <span class='ocrx_word' id='word_1_162' title='bbox 703 2492 826 2556; x_wconf 90' lang='lat' dir='ltr'>quoque</span> <span class='ocrx_word' id='word_1_163' title='bbox 844 2477 971 2556; x_wconf 91' lang='lat' dir='ltr'>propter</span> <span class='ocrx_word' id='word_1_164' title='bbox 988 2473 1120 2539; x_wconf 90' lang='lat' dir='ltr'>duarum</span> <span class='ocrx_word' id='word_1_165' title='bbox 1142 2478 1267 2540; x_wconf 85' lang='lat' dir='ltr'>natura·</span> <span class='ocrx_word' id='word_1_166' title='bbox 1284 2505 1309 2545; x_wconf 83' lang='lat' dir='ltr'>so</span> 
     </span>
     <span class='ocr_line' id='line_1_22' title="bbox 138 2579 1268 2661; baseline 0 -16"><span class='ocrx_word' id='word_1_167' title='bbox 138 2600 207 2645; x_wconf 84' lang='lat' dir='ltr'>aum</span> <span class='ocrx_word' id='word_1_168' title='bbox 246 2599 356 2644; x_wconf 93' lang='lat' dir='ltr'>uocem</span> <span class='ocrx_word' id='word_1_169' title='bbox 398 2582 522 2645; x_wconf 86' lang='lat' dir='ltr'>sanctae</span> <span class='ocrx_word' id='word_1_170' title='bbox 561 2580 783 2645; x_wconf 88' lang='lat' dir='ltr'>recordationis</span> <span class='ocrx_word' id='word_1_171' title='bbox 827 2579 969 2645; x_wconf 82' lang='lat' dir='ltr'>Flauiani</span> <span class='ocrx_word' id='word_1_172' title='bbox 1012 2598 1189 2661; x_wconf 85' lang='lat' dir='ltr'>personam,</span> <span class='ocrx_word' id='word_1_173' title='bbox 1235 2584 1268 2645; x_wconf 91' lang='lat' dir='ltr'>et</span> 
     </span>
     <span class='ocr_line' id='line_1_23' title="bbox 136 2685 1266 2768; baseline 0.001 -19"><span class='ocrx_word' id='word_1_174' title='bbox 136 2686 285 2751; x_wconf 90' lang='lat' dir='ltr'>inuentus</span> <span class='ocrx_word' id='word_1_175' title='bbox 301 2688 350 2750; x_wconf 91' lang='lat' dir='ltr'>est</span> <span class='ocrx_word' id='word_1_176' title='bbox 362 2686 430 2768; x_wconf 90' lang='lat' dir='ltr'>ipse</span> <span class='ocrx_word' id='word_1_177' title='bbox 445 2685 546 2768; x_wconf 88' lang='lat' dir='ltr'>magis</span> <span class='ocrx_word' id='word_1_178' title='bbox 560 2685 731 2750; x_wconf 88' lang='lat' dir='ltr'>Dioscorus</span> <span class='ocrx_word' id='word_1_179' title='bbox 749 2685 944 2768; x_wconf 90' lang='lat' dir='ltr'>Ephesenam</span> <span class='ocrx_word' id='word_1_180' title='bbox 962 2685 1093 2767; x_wconf 89' lang='lat' dir='ltr'>primam</span> <span class='ocrx_word' id='word_1_181' title='bbox 1111 2686 1266 2767; x_wconf 89' lang='lat' dir='ltr'>synodum</span> 
     </span>
     <span class='ocr_line' id='line_1_24' title="bbox 139 2790 1267 2875; baseline 0.001 -20"><span class='ocrx_word' id='word_1_182' title='bbox 139 2791 244 2857; x_wconf 90' lang='lat' dir='ltr'>conari</span> <span class='ocrx_word' id='word_1_183' title='bbox 271 2792 439 2867; x_wconf 86' lang='lat' dir='ltr'>destruere,</span> <span class='ocrx_word' id='word_1_184' title='bbox 466 2790 521 2872; x_wconf 90' lang='lat' dir='ltr'>qui</span> <span class='ocrx_word' id='word_1_185' title='bbox 549 2810 617 2855; x_wconf 88' lang='lat' dir='ltr'>eam</span> <span class='ocrx_word' id='word_1_186' title='bbox 641 2791 698 2856; x_wconf 89' lang='lat' dir='ltr'>suh</span> <span class='ocrx_word' id='word_1_187' title='bbox 723 2790 902 2855; x_wconf 85' lang='lat' dir='ltr'>execrabilis</span> <span class='ocrx_word' id='word_1_188' title='bbox 924 2790 1106 2855; x_wconf 90' lang='lat' dir='ltr'>intellectus</span> <span class='ocrx_word' id='word_1_189' title='bbox 1128 2790 1267 2875; x_wconf 86' lang='lat' dir='ltr'>imagine</span> 
     </span>
     <span class='ocr_line' id='line_1_25' title="bbox 139 2895 1266 2979; baseline -0.001 -17"><span class='ocrx_word' id='word_1_190' title='bbox 139 2897 332 2975; x_wconf 87' lang='lat' dir='ltr'>defendebat,</span> <span class='ocrx_word' id='word_1_191' title='bbox 347 2902 379 2961; x_wconf 85' lang='lat' dir='ltr'>et</span> <span class='ocrx_word' id='word_1_192' title='bbox 397 2896 532 2979; x_wconf 87' lang='lat' dir='ltr'>emplius</span> <span class='ocrx_word' id='word_1_193' title='bbox 551 2898 678 2960; x_wconf 89' lang='lat' dir='ltr'>beatum</span> <span class='ocrx_word' id='word_1_194' title='bbox 697 2895 846 2978; x_wconf 82' lang='lat' dir='ltr'>Cyrillum</span> <span class='ocrx_word' id='word_1_195' title='bbox 866 2895 1048 2961; x_wconf 87' lang='lat' dir='ltr'>criminatus</span> <span class='ocrx_word' id='word_1_196' title='bbox 1067 2899 1116 2960; x_wconf 87' lang='lat' dir='ltr'>est</span> <span class='ocrx_word' id='word_1_197' title='bbox 1132 2896 1266 2961; x_wconf 89' lang='lat' dir='ltr'>laudans</span> 
     </span>
     <span class='ocr_line' id='line_1_26' title="bbox 138 3000 1308 3086; baseline 0.004 -20"><span class='ocrx_word' id='word_1_198' title='bbox 138 3002 309 3068; x_wconf 92' lang='lat' dir='ltr'>Dioscorus</span> <span class='ocrx_word' id='word_1_199' title='bbox 342 3006 435 3085; x_wconf 89' lang='lat' dir='ltr'>atque</span> <span class='ocrx_word' id='word_1_200' title='bbox 467 3002 624 3086; x_wconf 78' lang='lat' dir='ltr'>Eutyches</span> <span class='ocrx_word' id='word_1_201' title='bbox 657 3021 750 3084; x_wconf 82' lang='lat' dir='ltr'>quam</span> <span class='ocrx_word' id='word_1_202' title='bbox 780 3002 853 3066; x_wconf 89' lang='lat' dir='ltr'>Ibas</span> <span class='ocrx_word' id='word_1_203' title='bbox 885 3002 943 3065; x_wconf 92' lang='lat' dir='ltr'>sub</span> <span class='ocrx_word' id='word_1_204' title='bbox 975 3000 1047 3065; x_wconf 79' lang='lat' dir='ltr'>falsi</span> <span class='ocrx_word' id='word_1_205' title='bbox 1082 3000 1265 3067; x_wconf 87' lang='lat' dir='ltr'>intellectus</span> <span class='ocrx_word' id='word_1_206' title='bbox 1283 3031 1308 3072; x_wconf 72' lang='lat' dir='ltr'>a</span> 
     </span>
     <span class='ocr_line' id='line_1_27' title="bbox 51 3106 1266 3191; baseline -0.005 -13"><span class='ocrx_word' id='word_1_207' title='bbox 51 3113 116 3178; x_wconf 87' lang='grc'>278</span> <span class='ocrx_word' id='word_1_208' title='bbox 140 3127 239 3172; x_wconf 90' lang='lat' dir='ltr'>errore</span> <span class='ocrx_word' id='word_1_209' title='bbox 266 3109 457 3191; x_wconf 90' lang='lat' dir='ltr'>uituperans.</span> <span class='ocrx_word' id='word_1_210' title='bbox 485 3127 556 3176; x_wconf 86' lang='lat' dir='ltr'>nam</span> <span class='ocrx_word' id='word_1_211' title='bbox 584 3125 656 3177; x_wconf 87' lang='lat' dir='ltr'>oum</span> <span class='ocrx_word' id='word_1_212' title='bbox 681 3108 751 3172; x_wconf 87' lang='lat' dir='ltr'>laus</span> <span class='ocrx_word' id='word_1_213' title='bbox 775 3110 868 3190; x_wconf 90' lang='lat' dir='ltr'>atque</span> <span class='ocrx_word' id='word_1_214' title='bbox 891 3106 1081 3190; x_wconf 90' lang='lat' dir='ltr'>uituperatio</span> <span class='ocrx_word' id='word_1_215' title='bbox 1106 3106 1145 3170; x_wconf 90' lang='lat' dir='ltr'>ad</span> <span class='ocrx_word' id='word_1_216' title='bbox 1167 3126 1266 3172; x_wconf 91' lang='lat' dir='ltr'>unum</span> 
     </span>
     <span class='ocr_line' id='line_1_28' title="bbox 138 3210 1264 3295; baseline -0.004 -18"><span class='ocrx_word' id='word_1_217' title='bbox 138 3213 300 3278; x_wconf 90' lang='lat' dir='ltr'>tenderent</span> <span class='ocrx_word' id='word_1_218' title='bbox 321 3213 526 3291; x_wconf 86' lang='lat' dir='ltr'>intellectum,</span> <span class='ocrx_word' id='word_1_219' title='bbox 553 3212 720 3284; x_wconf 82' lang='lat' dir='ltr'>Dioscorus</span> <span class='ocrx_word' id='word_1_220' title='bbox 739 3216 770 3276; x_wconf 85' lang='lat' dir='ltr'>et</span> <span class='ocrx_word' id='word_1_221' title='bbox 787 3211 956 3295; x_wconf 88' lang='lat' dir='ltr'>Eutyches,</span> <span class='ocrx_word' id='word_1_222' title='bbox 976 3210 1029 3293; x_wconf 92' lang='lat' dir='ltr'>qui</span> <span class='ocrx_word' id='word_1_223' title='bbox 1047 3210 1264 3288; x_wconf 84' lang='lat' dir='ltr'>laudauemnt,</span> 
     </span>
     <span class='ocr_line' id='line_1_29' title="bbox 138 3317 1264 3403; baseline -0.003 -20"><span class='ocrx_word' id='word_1_224' title='bbox 138 3320 294 3385; x_wconf 85' lang='lat' dir='ltr'>haeretico</span> <span class='ocrx_word' id='word_1_225' title='bbox 331 3319 442 3403; x_wconf 91' lang='lat' dir='ltr'>spiritu</span> <span class='ocrx_word' id='word_1_226' title='bbox 479 3319 626 3384; x_wconf 87' lang='lat' dir='ltr'>laudasse</span> <span class='ocrx_word' id='word_1_227' title='bbox 661 3319 775 3401; x_wconf 86' lang='lat' dir='ltr'>reperti</span> <span class='ocrx_word' id='word_1_228' title='bbox 806 3320 881 3383; x_wconf 91' lang='lat' dir='ltr'>sunt</span> <span class='ocrx_word' id='word_1_229' title='bbox 912 3321 1005 3399; x_wconf 89' lang='lat' dir='ltr'>atque</span> <span class='ocrx_word' id='word_1_230' title='bbox 1036 3317 1107 3382; x_wconf 90' lang='lat' dir='ltr'>ideo</span> <span class='ocrx_word' id='word_1_231' title='bbox 1141 3319 1215 3381; x_wconf 90' lang='lat' dir='ltr'>sunt</span> <span class='ocrx_word' id='word_1_232' title='bbox 1247 3336 1264 3380; x_wconf 90' lang='lat' dir='ltr'>a</span> 
     </span>
     <span class='ocr_line' id='line_1_30' title="bbox 139 3409 1264 3509; baseline -0.004 -19"><span class='ocrx_word' id='word_1_233' title='bbox 139 3429 247 3490; x_wconf 87' lang='lat' dir='ltr'>sancte</span> <span class='ocrx_word' id='word_1_234' title='bbox 269 3425 385 3509; x_wconf 90' lang='lat' dir='ltr'>synodo</span> <span class='ocrx_word' id='word_1_235' title='bbox 410 3423 653 3490; x_wconf 80' lang='lat' dir='ltr'>Calchedonensi</span> <span class='ocrx_word' id='word_1_236' title='bbox 676 3409 827 3488; x_wconf 81' lang='lat' dir='ltr'>damnati:</span> <span class='ocrx_word' id='word_1_237' title='bbox 852 3428 884 3488; x_wconf 89' lang='lat' dir='ltr'>at</span> <span class='ocrx_word' id='word_1_238' title='bbox 906 3442 979 3487; x_wconf 94' lang='lat' dir='ltr'>uero</span> <span class='ocrx_word' id='word_1_239' title='bbox 1002 3422 1075 3487; x_wconf 90' lang='lat' dir='ltr'>Ibas</span> <span class='ocrx_word' id='word_1_240' title='bbox 1099 3422 1264 3504; x_wconf 92' lang='lat' dir='ltr'>episcopus</span> 
     </span>
    </p>
   </div>
   <div class='ocr_carea' id='block_1_3' title="bbox 229 3665 663 3735">
    <p class='ocr_par' dir='ltr' id='par_1_3' title="bbox 229 3665 663 3735">
     <span class='ocr_line' id='line_1_31' title="bbox 229 3665 663 3735; baseline 0 -17"><span class='ocrx_word' id='word_1_241' title='bbox 229 3665 343 3720; x_wconf 90' lang='lat' dir='ltr'>161hae</span> <span class='ocrx_word' id='word_1_242' title='bbox 362 3665 439 3735; x_wconf 81' lang='lat' dir='ltr'>epist.</span> <span class='ocrx_word' id='word_1_243' title='bbox 458 3666 475 3719; x_wconf 93' lang='lat' dir='ltr'>l.</span> <span class='ocrx_word' id='word_1_244' title='bbox 495 3683 517 3720; x_wconf 93' lang='lat' dir='ltr'>c.</span> <span class='ocrx_word' id='word_1_245' title='bbox 536 3666 587 3720; x_wconf 85' lang='grc'>243</span> <span class='ocrx_word' id='word_1_246' title='bbox 605 3665 628 3718; x_wconf 93' lang='grc' dir='ltr'><strong>Β</strong></span> <span class='ocrx_word' id='word_1_247' title='bbox 647 3665 663 3718; x_wconf 89' lang='grc'>8</span> 
     </span>
    </p>
   </div>
   <div class='ocr_carea' id='block_1_4' title="bbox 137 3811 1264 4219">
    <p class='ocr_par' dir='ltr' id='par_1_4' title="bbox 137 3811 1264 4219">
     <span class='ocr_line' id='line_1_32' title="bbox 174 3811 1260 3882; baseline -0.004 -14"><span class='ocrx_word' id='word_1_248' title='bbox 174 3816 190 3869; x_wconf 93' lang='grc'>2</span> <span class='ocrx_word' id='word_1_249' title='bbox 217 3814 397 3868; x_wconf 85' lang='lat' dir='ltr'>uenerabilem</span> <span class='ocrx_word' id='word_1_250' title='bbox 426 3814 501 3868; x_wconf 89' lang='lat' dir='ltr'>Ibam</span> <span class='ocrx_word' id='word_1_251' title='bbox 535 3814 643 3882; x_wconf 60' lang='lat' dir='ltr'>‘serapem</span> <span class='ocrx_word' id='word_1_252' title='bbox 674 3811 853 3866; x_wconf 83' lang='lat' dir='ltr'>uenerabilem</span> <span class='ocrx_word' id='word_1_253' title='bbox 885 3811 917 3875; x_wconf 86' lang='lat' dir='ltr'>V,</span> <span class='ocrx_word' id='word_1_254' title='bbox 945 3811 1056 3865; x_wconf 91' lang='lat' dir='ltr'>eundem</span> <span class='ocrx_word' id='word_1_255' title='bbox 1086 3811 1161 3866; x_wconf 84' lang='lat' dir='ltr'>Ibam</span> <span class='ocrx_word' id='word_1_256' title='bbox 1193 3812 1260 3865; x_wconf 85' lang='lat' dir='ltr'>Bar.</span> 
     </span>
     <span class='ocr_line' id='line_1_33' title="bbox 137 3899 1260 3971; baseline -0.004 -14"><span class='ocrx_word' id='word_1_257' title='bbox 137 3904 156 3957; x_wconf 84' lang='lat'>4</span> <span class='ocrx_word' id='word_1_258' title='bbox 182 3913 262 3957; x_wconf 82' lang='lat' dir='ltr'>sensa</span> <span class='ocrx_word' id='word_1_259' title='bbox 288 3902 319 3967; x_wconf 85' lang='lat' dir='ltr'>V,</span> <span class='ocrx_word' id='word_1_260' title='bbox 346 3918 413 3957; x_wconf 81' lang='lat' dir='ltr'>corr.</span> <span class='ocrx_word' id='word_1_261' title='bbox 437 3901 464 3954; x_wconf 74' lang='grc' dir='ltr'>ο2</span> <span class='ocrx_word' id='word_1_262' title='bbox 516 3905 588 3971; x_wconf 76' lang='lat' dir='ltr'>5cq.</span> <span class='ocrx_word' id='word_1_263' title='bbox 609 3917 699 3955; x_wconf 90' lang='lat' dir='ltr'>eorum</span> <span class='ocrx_word' id='word_1_264' title='bbox 726 3900 796 3953; x_wconf 88' lang='lat' dir='ltr'>idem</span> <span class='ocrx_word' id='word_1_265' title='bbox 821 3899 852 3960; x_wconf 82' lang='lat' dir='ltr'>V.</span> <span class='ocrx_word' id='word_1_266' title='bbox 880 3900 998 3954; x_wconf 74' lang='lat' dir='ltr'>correxi:</span> <span class='ocrx_word' id='word_1_267' title='bbox 1025 3900 1177 3954; x_wconf 88' lang='lat' dir='ltr'>eorumdem</span> <span class='ocrx_word' id='word_1_268' title='bbox 1194 3901 1260 3954; x_wconf 82' lang='lat' dir='ltr'>Bar.</span> 
     </span>
     <span class='ocr_line' id='line_1_34' title="bbox 138 3985 1264 4059; baseline -0.004 -14"><span class='ocrx_word' id='word_1_269' title='bbox 138 3989 272 4059; x_wconf 85' lang='lat' dir='ltr'>8synodo</span> <span class='ocrx_word' id='word_1_270' title='bbox 290 3990 413 4043; x_wconf 67' lang='lat' dir='ltr'>inserta·</span> <span class='ocrx_word' id='word_1_271' title='bbox 451 3989 610 4044; x_wconf 75' lang='lat' dir='ltr'>Dentichen</span> <span class='ocrx_word' id='word_1_272' title='bbox 634 3988 659 4040; x_wconf 93' lang='lat' dir='ltr'><strong><em>V</em></strong></span> <span class='ocrx_word' id='word_1_273' title='bbox 728 3989 760 4041; x_wconf 87' lang='grc'>19</span> <span class='ocrx_word' id='word_1_274' title='bbox 780 3988 905 4041; x_wconf 86' lang='lat' dir='ltr'>eutichen</span> <span class='ocrx_word' id='word_1_275' title='bbox 927 3985 954 4040; x_wconf 94' lang='lat' dir='ltr'><strong><em>V</em></strong></span> <span class='ocrx_word' id='word_1_276' title='bbox 1022 3988 1056 4041; x_wconf 85' lang='lat'>23</span> <span class='ocrx_word' id='word_1_277' title='bbox 1076 3988 1216 4041; x_wconf 72' lang='lat' dir='ltr'>execrabilis</span> <span class='ocrx_word' id='word_1_278' title='bbox 1239 3987 1264 4040; x_wconf 94' lang='lat' dir='ltr'><strong><em>V</em></strong></span> 
     </span>
     <span class='ocr_line' id='line_1_35' title="bbox 139 4075 1260 4145; baseline -0.001 -14"><span class='ocrx_word' id='word_1_279' title='bbox 139 4079 173 4133; x_wconf 82' lang='lat'>25</span> <span class='ocrx_word' id='word_1_280' title='bbox 192 4085 217 4132; x_wconf 88' lang='lat' dir='ltr'>ct</span> <span class='ocrx_word' id='word_1_281' title='bbox 234 4079 267 4131; x_wconf 89' lang='grc'>27</span> <span class='ocrx_word' id='word_1_282' title='bbox 291 4076 410 4130; x_wconf 89' lang='lat' dir='ltr'>eutiches</span> <span class='ocrx_word' id='word_1_283' title='bbox 432 4077 460 4132; x_wconf 96' lang='lat' dir='ltr'><strong><em>V</em></strong></span> <span class='ocrx_word' id='word_1_284' title='bbox 490 4077 524 4131; x_wconf 82' lang='lat'>28</span> <span class='ocrx_word' id='word_1_285' title='bbox 542 4078 674 4131; x_wconf 89' lang='lat' dir='ltr'>hereticos</span> <span class='ocrx_word' id='word_1_286' title='bbox 697 4077 728 4140; x_wconf 88' lang='lat' dir='ltr'>V,</span> <span class='ocrx_word' id='word_1_287' title='bbox 748 4092 816 4132; x_wconf 81' lang='lat' dir='ltr'>corr.</span> <span class='ocrx_word' id='word_1_288' title='bbox 834 4076 903 4130; x_wconf 85' lang='lat' dir='ltr'>Bar.</span> <span class='ocrx_word' id='word_1_289' title='bbox 956 4077 1074 4145; x_wconf 91' lang='lat' dir='ltr'>repperti</span> <span class='ocrx_word' id='word_1_290' title='bbox 1096 4075 1123 4129; x_wconf 93' lang='lat' dir='ltr'><strong><em>V</em></strong></span> <span class='ocrx_word' id='word_1_291' title='bbox 1156 4077 1189 4130; x_wconf 88' lang='grc'>29</span> <span class='ocrx_word' id='word_1_292' title='bbox 1209 4076 1260 4130; x_wconf 83' lang='lat' dir='ltr'>cal-</span> 
     </span>
     <span class='ocr_line' id='line_1_36' title="bbox 140 4163 353 4219; baseline -0.014 0"><span class='ocrx_word' id='word_1_293' title='bbox 140 4165 304 4219; x_wconf 85' lang='lat' dir='ltr'>chedonense</span> <span class='ocrx_word' id='word_1_294' title='bbox 328 4163 353 4216; x_wconf 95' lang='lat' dir='ltr'><strong><em>V</em></strong></span> 
     </span>
    </p>
   </div>
   <div class='ocr_carea' id='block_1_5' title="bbox 0 0 1461 4672">
    <p class='ocr_par' dir='ltr' id='par_1_5' title="bbox 0 0 1461 4672">
     <span class='ocr_line' id='line_1_37' title="bbox 0 0 1461 4672; baseline 0 0"><span class='ocrx_word' id='word_1_295' title='bbox 0 0 1461 4672; x_wconf 95' lang='lat' dir='ltr'> </span> 
     </span>
    </p>
   </div>
  </div>
 </body>
</html>
