2904 4672
605 251 693 323 ωροι.
711 251 810 307 οκκιι
828 253 904 310 ι-ι,

721 446 806 531 (72.)

260 569 418 654 Ἐπιστολὴ
441 566 604 633 Κυντιανοό
627 566 787 633 ἐπισκόπου
810 567 1126 656 Ἀσκουλιανιῦνπρός
1146 568 1260 655 Πέτρον

578 671 735 736 ἐπίσκοπον
758 670 950 759 Ἀντιοχείας

241 792 460 880 Πολυμερως
474 794 534 858 καί
546 792 779 877 πολυτρόπως
795 789 954 876 ἐξένευσας,
965 791 1167 879 ἀγαπητό,τίρς
1177 792 1323 880 ἀληθείας

167 897 335 964 ῡτάναντία
366 900 499 983 πράττων
528 905 579 960 τοῦ
613 895 785 961 δεσποτικοῦ
818 902 987 984 μυστηρίου,
1021 897 1060 983 μὴ
1093 895 1236 983 ἑπόμενος
1262 911 1322 972 τοῖς

200 999 382 1083 εὐαγγελίοις
403 997 469 1087 ἤτοι
485 1011 550 1074 τοῖς
573 998 750 1072 ἀποστόλοις
771 997 836 1086 ἤτοι
856 1012 917 1073 τοῖς
937 999 1032 1082 ἁγίοις
1053 1006 1188 1087 πατράσι·
1203 1007 1323 1091 καὶγὰρ

200 1110 317 1193 βαρέως
348 1109 429 1194 φόρει
459 1103 525 1170 κατ’
549 1100 643 1168 αύτιῦν
669 1107 857 1188 καινοτομίαν
882 1115 936 1188 της
962 1106 1132 1190 καθολικῆς
1164 1103 1323 1192 ἐκκλησίας

198 1207 219 1298 ἡ
242 1207 362 1284 ἔκθεσίς
383 1230 448 1292 σου,
470 1210 522 1273 καί
544 1211 641 1295 μίντοι
655 1229 694 1287 -γε
710 1204 766 1270 οῦκ
779 1205 890 1273 ἀπείπω
905 1211 1010 1295 ταύτην
1026 1211 1143 1274 πολλῶν
1159 1208 1323 1276 ἐπισκόπων

118 1307 120 1311 ’
200 1311 450 1402 ύπομεμνηκότων
472 1335 516 1396 σε,
534 1311 661 1397 μάλιστα
681 1320 733 1376 τοῦ
752 1309 914 1391 άγιωτάτου
930 1309 1160 1399 ἀρχιεπισκόπου
1176 1311 1323 1401 Φίληκος,

153 1437 183 1477 ιο
198 1429 250 1484 τοῦ
271 1412 380 1506 ταύτης
402 1410 626 1503 ἀποστραφῆναί
648 1438 681 1480 σε
713 1419 765 1479 καί
796 1412 871 1503 πύθη
902 1420 952 1482 καί
978 1414 1144 1505 όρθότυμον
1176 1417 1247 1484 εἶναι
1271 1428 1323 1483 τοῦ

200 1520 346 1609 σωτηρίου
367 1523 565 1608 κηρύγματος·
589 1517 656 1584 ἀλλ’
680 1516 731 1584 ούν
752 1541 787 1599 γε
809 1517 1044 1606 ἀντιποιούμενος
1066 1519 1205 1608 αἱρέσεων
1220 1525 1252 1587 τό
1270 1531 1324 1609 της

199 1629 286 1699 θείας
308 1626 501 1698 διδασκαλίας
522 1611 664 1688 τάλαντον
687 1621 844 1709 ἀπεκρύψω
868 1623 910 1696 είς
930 1623 981 1707 την
1002 1633 1058 1710 γῆν
1080 1630 1131 1689 καί
1152 1623 1187 1691 ού
1211 1629 1324 1713 μᾶλλον

200 1739 285 1794 τοῦτο
308 1729 532 1815 προβάλλεσθαι
554 1726 600 1793 ἐπὶ
620 1722 764 1812 τράπεζαν
780 1725 868 1810 εἴξας,
881 1725 946 1792 οἷον.
961 1727 991 1790 ἐν
1005 1739 1069 1800 ταῖς
1085 1740 1143 1793 τῶν
1159 1729 1324 1816 ἀνθρώπων

200 1834 335 1918 καρδίαις
365 1833 417 1918 την
440 1828 505 1918 ύγιη
529 1832 730 1909 διδασκαλίαν,
754 1829 834 1894 ἀλλὰ
860 1827 1023 1896 τούναντίον
1046 1830 1155 1906 ζιζάνια
1176 1831 1322 1920 ἔσπειρας.

155 1957 184 1998 ιο
200 1939 252 2001 καὶ
270 1942 313 2010 τίς
335 1935 376 2003 ἔτι
397 1935 527 2010 ἀνέξεταί
548 1957 603 1998 σου
626 1936 850 2022 διαστρόφοντος
871 1937 904 1998 τό
924 1944 976 1999 τοῦ
991 1933 1119 2020 Χριστοῦ
1143 1933 1323 2019 εύαγγὲλιον;
1347 1940 1366 2002 2

200 2036 236 2105 ού
257 2044 306 2106 τόν
328 2039 358 2105 ἐν
380 2041 433 2105 δύο
457 2043 576 2127 φύσεσιν
596 2035 650 2102 ἕνα
672 2036 743 2123 υίόν,
765 2040 813 2102 τόν
835 2039 935 2123 κύριον
956 2035 1041 2125 ἡμων
1060 2037 1173 2126 Ἰησοῦν
1188 2039 1324 2124 Χριστόν,

199 2154 300 2210 τοῦτον
325 2147 483 2230 κηρύσσων
510 2141 732 2229 ἐσταυρωμένον
763 2139 843 2207 ἀλλὰ
868 2144 917 2206 τόν
947 2146 1018 2209 θεόν
1048 2146 1097 2207 τόν
1123 2142 1246 2229 ἰσχυρόν
1272 2148 1321 2210 τόν

199 2248 349 2313 ἀθάνατον
372 2246 434 2313 οίον
455 2248 507 2331 τήν
530 2251 598 2333 μίαν
619 2256 673 2331 τῆς
694 2248 816 2332 τριάδος
837 2243 938 2312 οόσίαν
957 2251 1079 2335 φάσκων
1091 2247 1320 2334 ἐσταυρωμένον·

199 2355 250 2416 καί
267 2348 313 2437 ού
344 2355 433 2438 μόνον
461 2349 541 2416 ἀλλά
568 2374 601 2433 γε
628 2355 679 2416 καί
710 2357 777 2437 μίαν
806 2352 890 2439 φύσιν
915 2360 966 2415 τοῦ
981 2354 1062 2416 Υθεοῦ
1084 2353 1176 2433 λόγου
1196 2356 1248 2418 καί
1267 2363 1321 2441 της

154 2478 183 2519 το
200 2457 313 2541 σαρκός
334 2456 405 2542 ρι’ρς.
428 2458 479 2520 καὶ
501 2453 527 2519 εί
548 2459 601 2540 μία
623 2456 708 2543 φύσις
732 2463 783 2520 τοῦ
805 2457 879 2520 θεοῦ
894 2455 984 2537 λόγου
999 2459 1117 2541 καὶτῆς
1132 2458 1253 2541 σαρκός,
1270 2460 1322 2542 μία
1344 2461 1364 2524 3

238 2798 328 2853 Verba
346 2813 445 2868 ρταιτα
463 2815 477 2853 e
494 2797 630 2867 σοάίτάδιιο
654 2797 713 2852 edd.
737 2797 843 2853 Fronto
862 2798 880 2852 ί.
899 2814 919 2856 α
941 2802 1001 2854 563
1021 2804 1047 2855 τό
1063 2799 1165 2854 Βίτιίιω
1183 2801 1200 2855 ί.
1220 2817 1241 2854 α
1263 2804 1322 2857 778

200 2889 248 2957 (cs.
267 2889 339 2942 Acta
359 2885 460 2941 Οοποίί.
479 2887 519 2942 τά.
537 2885 673 2940 Ηστάιιίπ
690 2885 729 2940 II
744 2889 825 2954 836).
888 2888 904 2941 2
922 2893 1055 2941 κυντιανοῦ
1074 2904 1101 2941 o:
1120 2895 1261 2941 κωντιανοῦ
1280 2905 1319 2952 σε,

198 2980 331 3030 κοντιοινυύ
353 2973 392 3045 gh
495 2972 671 3027 ἀσκουλιανιῦν
698 2973 808 3042 σονίρσύι
831 2971 1005 3045 ἀρκουλιανῶν
1030 2990 1053 3039 ν,
1077 2972 1251 3046 ἀρκουλιάνων
1280 2991 1320 3040 ου,

199 3063 368 3136 δριιουλιανῶν
387 3061 422 3132 gh
491 3063 510 3116 4
527 3059 678 3133 πολυμερῶς
695 3061 739 3113 καί
755 3060 921 3131 πολυτρόπως
939 3077 984 3114 eo:
1002 3048 1166 3132 πολυτρόπως
1184 3061 1227 3115 καί
1243 3060 1319 3116 πολυ-

198 3157 283 3223 μιριῦς
306 3150 358 3221 agh
446 3151 462 3204 7
488 3149 588 3221 βαρέως
611 3165 674 3219 neo:
696 3147 801 3219 βαρείαν
820 3147 857 3217 gh
936 3146 1067 3219 8ταύτην
1085 3147 1138 3218 gh.-
1155 3148 1251 3222 ταύτης
1270 3166 1318 3204 σου

197 3239 216 3292 9
234 3235 448 3309 ύπομεμνηιιύτων
461 3254 492 3308 g:
511 3233 744 3306 δπομιμνικύτωνυ
761 3235 810 3289 καί
826 3251 885 3290 cum
904 3235 958 3290 ίιιιί
974 3251 1076 3289 rasura
1093 3236 1125 3290 in
1137 3257 1152 3302 ι,
1172 3237 1318 3308 ύπομεμενι·

198 3324 280 3378 κόπων
299 3341 322 3390 ο,
342 3322 577 3396 ύπομνημνηιιότων
595 3322 622 3388 h,
641 3310 872 3394 ύπομνησοὶντωνυ
927 3324 959 3378 10
977 3322 1074 3394 ταύτης
1092 3341 1155 3379 neo:
1171 3322 1268 3395 ταύτην
1281 3323 1317 3395 gh

184 3411 342 3484 -δρθοτύμον
361 3427 377 3464 υ
413 3410 444 3465 ll
464 3409 670 3481 περιποωύμτνος
689 3426 705 3464 ιι
742 3411 774 3466 13
792 3409 985 3482 προβάλλεσθαι
1003 3427 1048 3465 σοι
1066 3410 1260 3485 προβαλλέσθω
1272 3411 1317 3482 gh,

198 3496 376 3569 προβαλέσθαι
394 3515 410 3552 ο
494 3498 687 3552 16-18ni1n'2
703 3499 808 3563 excidit,
826 3501 906 3553 immo
923 3498 1054 3568 interpres
1071 3499 1104 3554 de
1119 3514 1169 3554 τωο
1187 3499 1320 3554 dilatauit

200 3585 232 3640 18
251 3582 444 3658 ἕσταυρωμύνην
464 3601 495 3640 ao
568 3586 600 3640 19
618 3584 662 3637 καί
678 3593 723 3640 τοῦ
740 3587 805 3639 θεοῦ
823 3584 901 3657 λόγου
920 3585 993 3658 φύσιν
1011 3584 1069 3658 μίαν
1088 3592 1152 3656 ίκεμ.
1171 3586 1207 3657 gh
