2904 4672
154 277 217 339 274
425 273 520 342 Uigilii
539 275 714 328 coustitutum
735 273 767 326 do
785 272 871 327 tribus
890 274 1015 343 capitulis

66 464 128 527 159
586 471 746 545 Capitulum
769 472 854 531 XLV.

196 595 295 653 Gratia
317 595 402 664 tilius,
423 595 472 669 qui
490 612 524 653 ox
541 595 632 653 Maria
650 597 694 653 est
713 596 806 664 homo,
826 597 930 652 natura
948 598 1042 653 autern
1062 598 1132 656 dous
1152 598 1281 656 uerbum.

149 685 226 758 quod
255 686 349 744 autem
378 685 535 742 secundum
562 684 694 756 gratiam.
724 701 783 741 non
810 687 927 752 natura,
957 687 984 742 et
1016 685 1092 758 quod
1124 687 1282 745 secundum

147 776 291 835 naturam.
316 789 373 830 non
398 773 500 846 gratia.
523 790 580 830 non
600 773 655 832 duo
674 773 742 831 titii:
768 772 893 831 suffic-iat
911 773 1031 846 corpori,
1052 775 1128 848 quod
1147 793 1182 834 ex
1200 775 1282 834 nobis

147 868 202 931 est,
227 863 383 920 secundum
411 862 533 934 gratiam
561 861 670 930 filiatio,
699 861 799 935 gloria,
824 861 1023 937 inmortalitas,
1047 863 1115 935 quia
1144 865 1281 937 templum
1311 880 1321 918 a

149 951 195 1008 dai
218 951 299 1009 uerbi
322 949 428 1008 fautum
454 959 516 1020 est;
541 968 598 1009 nou
621 967 709 1023 supra
726 952 858 1008 naturam
878 951 1006 1008 eleuetur
1024 953 1053 1009 et
1071 953 1142 1010 dous
1161 954 1281 1011 uerbum

64 1039 125 1103 160
148 1057 199 1112 pro
228 1040 325 1097 debita
347 1057 365 1096 a
387 1039 471 1096 nobis
500 1039 654 1113 gratiarum
679 1039 791 1097 actione
819 1056 877 1097 non
906 1039 1064 1097 iniuriotur.
1090 1043 1215 1114 atquae
1239 1045 1282 1101 est

149 1128 293 1187 iniuriat:
319 1144 488 1201 componere
511 1145 575 1186 eurn
600 1145 662 1186 cum
688 1144 804 1202 corpore
828 1130 857 1185 et
878 1131 979 1201 putare
1001 1128 1130 1200 indigere
1156 1131 1281 1204 corporis

149 1218 186 1274 ari
216 1217 372 1290 perfectam
405 1216 580 1276 filiationem.
614 1233 667 1276 neo
698 1216 760 1290 ipse
793 1216 863 1274 dous
890 1217 1008 1275 uerbum
1038 1217 1100 1275 uult
1126 1235 1159 1276 se
1185 1219 1280 1278 Dauid

148 1306 237 1364 filium
266 1323 328 1364 osse
357 1306 408 1363 sed
436 1305 590 1375 dominum,
620 1322 721 1379 eorpus
750 1307 844 1363 autern
871 1305 925 1364 hoc
953 1305 1050 1363 uocari
1073 1307 1168 1365 Dauid
1191 1307 1280 1369 tilium
1296 1321 1317 1360 ro

148 1411 206 1453 non
230 1394 322 1453 solum
345 1411 402 1452 non
425 1394 530 1452 inuidit
552 1395 603 1452 sed
628 1396 656 1451 et
677 1396 794 1468 propter
816 1394 870 1452 hos
894 1393 997 1451 adfuit.

61 1508 121 1575 161
190 1513 225 1576 In
250 1512 483 1596 suprascripto
509 1512 747 1596 quadragesimo
772 1512 880 1594 quinto
905 1513 1042 1594 capitulo
1063 1513 1188 1590 dicitur,
1208 1515 1287 1596 quia.

146 1637 201 1700 per
224 1619 355 1702 gratiam
379 1618 421 1683 sit
438 1616 524 1682 filius
544 1617 603 1697 dei,
623 1618 676 1700 qui
696 1618 960 1683 exMarianatus
979 1619 1151 1696 esthemo,
1171 1624 1279 1685 natura

146 1727 252 1789 autem
270 1724 347 1790 deus
365 1725 507 1801 uerbum,
527 1728 559 1789 et
577 1725 666 1806 quasi
684 1725 887 1789 ratiocinatur
905 1724 1034 1790 (licendo
1053 1725 1148 1807 ‘quod
1168 1725 1278 1808 gratia,

146 1849 205 1895 non
230 1834 349 1908 natura,
374 1834 406 1895 et
429 1830 512 1914 quod
531 1834 650 1906 natura,
670 1849 731 1896 non
750 1831 860 1914 gratia‘
879 1835 911 1896 et
930 1832 1112 1923 adiungitur
1130 1832 1279 1896 ‘s‘uftioiat
1295 1849 1317 1890 ιε

147 1937 277 2020 corpori,
307 1937 390 2019 quod
419 1956 454 2001 er
482 1935 571 2001 nobis
595 1939 653 2011 ost,
678 1935 851 2001 secundum
875 1937 1006 2020 gratiam
1028 1936 1139 2002 filiatio
1166 1940 1198 2000 et
1219 1957 1278 2001 non

146 2063 241 2125 supra
262 2045 403 2108 naturam
428 2043 569 2107 eleuetur
592 2045 624 2106 et
646 2041 722 2106 deus
741 2043 873 2106 uerbum
892 2061 947 2124 pro
967 2043 1072 2107 debita
1098 2053 1168 2114 (a)
1188 2043 1278 2107 nobis

147 2149 317 2232 gratiarum
335 2149 456 2213 actione
474 2167 534 2213 non
553 2148 743 2213 iniurietur':
768 2168 847 2229 quae
866 2149 962 2214 uerba
980 2149 1097 2213 nudum
1118 2150 1277 2213 hominem

147 2275 183 2320 ex
202 2256 338 2338 uirgine
353 2255 452 2320 Maria
474 2254 661 2338 significant,
686 2255 740 2336 qni
763 2274 817 2336 per
840 2255 971 2339 gratiam
996 2256 1172 2338 appelletur
1193 2256 1277 2320 filius

146 2360 205 2425 dei.
233 2361 287 2443 qui
315 2380 388 2446 ergo
417 2362 492 2426 haee
519 2360 564 2424 ita
592 2361 675 2442 sapit
702 2360 793 2426 docet
817 2360 916 2425 eredit
938 2364 993 2425 aut
1014 2362 1184 2444 praedicat,
1208 2381 1278 2426 ana·
1294 2381 1317 2421 ro

144 2468 251 2532 thema
273 2467 325 2532 sit.

233 2657 272 2728 21,
286 2654 349 2726 Cap.
369 2655 439 2709 XLV
452 2674 485 2702 =
500 2655 559 2709 rtet.
579 2653 641 2724 Syn.
660 2655 709 2709 44:
732 2654 872 2709 ‘Eiusdem
894 2655 1030 2709 Theodori
1046 2672 1117 2724 quoe
1130 2659 1278 2726 proposuit

143 2752 256 2801 sanctus
276 2745 395 2814 Cyrilius
422 2748 447 2798 et
472 2743 615 2811 refutauit
637 2743 666 2806 O.
689 2747 848 2812 repetuntur
875 2743 966 2798 eadem
995 2743 1078 2797 uerba
1100 2746 1128 2797 iu
1157 2746 1277 2800 eiusdem

145 2835 255 2903 quintae
273 2833 368 2903 synodi
386 2832 529 2886 collatione
547 2832 642 2901 quinta
655 2832 753 2899 (Mauri
766 2831 804 2886 lx
818 2832 881 2897 233)
895 2848 981 2900 neque
1000 2835 1091 2886 tamen
1110 2839 1174 2886 sunt
1188 2834 1276 2889 Theo·

117 2956 119 2959 -
144 2922 203 2976 dori
224 2921 271 2976 sed
295 2919 407 2974 Diodori
429 2919 567 2974 Tarsensis
590 2935 620 2973 ex
643 2919 711 2972 libro
733 2918 748 2972 1
772 2922 864 2972 eontra
890 2921 1065 2988 synusiastas,
1092 2923 1124 2974 ut
1151 2921 1278 2990 adfirmat

144 3010 326 3072 Leontinum
350 3009 424 3063 ouius
447 3008 571 3062 uersioue
593 3008 692 3063 Latina
715 3007 747 3060 ab
766 3007 882 3061 Henrieo
903 3005 1010 3063 canisio
1031 3008 1178 3078 (Antiquae
1197 3011 1276 3066 lesti-

144 3099 202 3152 onis
218 3100 285 3155 torn.
302 3096 350 3160 1v,
367 3096 482 3166 ingolst.
503 3097 579 3159 1603,
599 3113 624 3165 p.
643 3096 688 3162 98)
706 3096 779 3149 edita
792 3095 874 3149 uerba
887 3096 935 3149 ilia
949 3097 987 3149 sie
1000 3096 1139 3166 leguntur:
1160 3098 1276 3152 ‘Gratia

143 3187 219 3254 filetus
241 3186 319 3240 homo
342 3201 375 3242 err
392 3184 492 3238 Maria
508 3190 605 3246 notum
623 3190 729 3245 natura
747 3189 838 3238 autem
856 3184 921 3238 deus
942 3184 1163 3240 reroomrr'uud
1181 3189 1276 3255 gratio

144 3281 169 3331 et
189 3290 246 3329 aon
267 3279 380 3340 notura,
402 3273 453 3327 tos
475 3277 564 3326 auum
587 3276 691 3326 notura
714 3277 738 3325 ot
762 3287 820 3326 aon
842 3271 943 3341 gratio.
968 3273 1087 3339 sufficiet
1108 3276 1218 3343 corpori
1243 3291 1276 3329 aa

143 3369 235 3417 nostro
259 3379 353 3428 uerrere
375 3361 474 3426 filiatio
497 3360 644 3417 aeneadum
666 3359 794 3429 gratiora,
816 3361 907 3429 gloria
933 3361 1128 3415 irnmurtuiitas
1154 3368 1180 3416 et
1202 3364 1276 3432 quod

143 3452 270 3520 templum
292 3451 336 3504 dei
357 3450 434 3504 uerbi
456 3450 561 3517 foetura
580 3453 626 3502 est.
644 3464 679 3501 ue
696 3448 815 3501 elevetur
831 3465 918 3516 supro
935 3455 1068 3502 naturam
1086 3455 1111 3503 et
1129 3450 1196 3505 doru
1213 3467 1274 3504 uer-

144 3540 204 3593 bum
225 3541 282 3594 loeo
302 3529 419 3593 actionis
440 3538 602 3607 gratiarum,
622 3548 704 3603 quom
728 3536 911 3598 debemusne
934 3537 1097 3591 coutunreliu
1120 3539 1272 3605 afficiatur.

144 3633 169 3682 et
186 3644 256 3696 quoe
273 3625 457 3690 contumelia?
476 3641 631 3693 componere
648 3642 707 3679 eum
725 3641 784 3678 oum
803 3641 914 3694 corpore
931 3631 956 3679 et
973 3625 1128 3682 existimare
1144 3643 1213 3695 opus
1230 3629 1274 3683 illi

144 3733 198 3769 esse
215 3730 326 3783 corpore
345 3715 384 3769 od
396 3710 551 3783 perfecturi
560 3713 734 3783 filiationem.
758 3729 807 3767 uec
830 3714 898 3767 enirn
921 3714 979 3781 ipse
1001 3714 1066 3768 deas
1082 3716 1195 3768 uerbum
1212 3717 1273 3770 sealt

144 3820 199 3858 esse
219 3803 294 3870 filius
316 3803 417 3857 Dauid
439 3803 487 3856 sed
508 3803 640 3862 donnaus.
667 3817 763 3871 corpus
783 3817 849 3856 uero
872 3803 968 3856 uocari
984 3802 1077 3870 filium
1095 3803 1195 3858 Dauid
1216 3821 1271 3858 noo

144 3891 222 3945 ruodo
240 3907 297 3946 nora
313 3890 419 3944 inuidit
435 3891 483 3945 sed
494 3896 607 3960 propter
624 3890 674 3945 hoc
691 3891 784 3956 aerrit'.

180 3997 246 4050 oet
267 3997 301 4050 0:
327 4013 377 4050 om».
401 3995 427 4048 V
513 3996 546 4050 lo
570 3995 707 4049 dominum
732 3994 766 4049 V:
790 3996 913 4050 deumC
983 4011 1041 4050 esse
1063 3996 1112 4050 ssd
1135 3996 1269 4051 domiuum

145 4102 239 4154 eorpus
264 4086 353 4137 antem
376 4082 432 4169 hoo·
449 4084 539 4138 uocari
561 4083 643 4138 dauid
666 4083 751 4136 filium
776 4084 817 4137 br's
844 4083 870 4136 V
894 4086 1021 4150 (currat
1086 4086 1168 4138 1601
1189 4085 1269 4138 Bor:

144 4189 190 4242 pro
214 4171 241 4225 V
293 4173 323 4225 17
344 4170 464 4226 elabetur
486 4171 513 4225 V
582 4171 681 4226 aodd.
700 4171 769 4227 Bur.
