<?xml version="1.0" encoding="UTF-8"?>
<!DOCTYPE html PUBLIC "-//W3C//DTD XHTML 1.0 Transitional//EN"
    "http://www.w3.org/TR/xhtml1/DTD/xhtml1-transitional.dtd">
<html xmlns="http://www.w3.org/1999/xhtml" xml:lang="en" lang="en">
 <head>
  <title>
</title>
<meta http-equiv="Content-Type" content="text/html;charset=utf-8" />
  <meta name='ocr-system' content='tesseract 3.04.00' />
  <meta name='ocr-capabilities' content='ocr_page ocr_carea ocr_par ocr_line ocrx_word'/>
</head>
<body>
  <div class='ocr_page' id='page_1' title='image "./epistulaeimpera01gngoog_0053.png"; bbox 0 0 2904 4672; ppageno 0'>
   <div class='ocr_carea' id='block_1_1' title="bbox 127 197 832 268">
    <p class='ocr_par' dir='ltr' id='par_1_1' title="bbox 127 197 832 268">
     <span class='ocr_line' id='line_1_1' title="bbox 127 197 832 268; baseline -0.01 -8"><span class='ocrx_word' id='word_1_1' title='bbox 127 199 279 265; x_wconf 85' lang='lat' dir='ltr'>XXXXII</span> <span class='ocrx_word' id='word_1_2' title='bbox 541 197 832 268; x_wconf 77' lang='lat' dir='ltr'>Prolegomena.</span> 
     </span>
    </p>
   </div>
   <div class='ocr_carea' id='block_1_2' title="bbox 5 392 1261 479">
    <p class='ocr_par' dir='ltr' id='par_1_2' title="bbox 5 392 1261 479">
     <span class='ocr_line' id='line_1_2' title="bbox 5 392 1261 479; baseline 0.002 -22"><span class='ocrx_word' id='word_1_3' title='bbox 5 416 7 419; x_wconf 92' lang='lat'>·</span> <span class='ocrx_word' id='word_1_4' title='bbox 128 392 220 479; x_wconf 81' lang='lat' dir='ltr'>dus¹)</span> <span class='ocrx_word' id='word_1_5' title='bbox 238 393 277 458; x_wconf 68' lang='lat'>1⁴¹:</span> <span class='ocrx_word' id='word_1_6' title='bbox 301 393 441 457; x_wconf 76' lang='grc'><strong>01555515</strong></span> <span class='ocrx_word' id='word_1_7' title='bbox 459 393 518 456; x_wconf 81' lang='lat' dir='ltr'>Vc.</span> <span class='ocrx_word' id='word_1_8' title='bbox 574 394 775 460; x_wconf 87' lang='lat' dir='ltr'>statuendum</span> <span class='ocrx_word' id='word_1_9' title='bbox 797 394 896 479; x_wconf 85' lang='lat' dir='ltr'>igitur</span> <span class='ocrx_word' id='word_1_10' title='bbox 920 394 1068 470; x_wconf 79' lang='lat' dir='ltr'>codicem,</span> <span class='ocrx_word' id='word_1_11' title='bbox 1093 414 1129 459; x_wconf 83' lang='lat' dir='ltr'>ex</span> <span class='ocrx_word' id='word_1_12' title='bbox 1151 394 1261 478; x_wconf 66' lang='lat' dir='ltr'>qnod*</span> 
     </span>
    </p>
   </div>
   <div class='ocr_carea' id='block_1_3' title="bbox 123 498 1260 2273">
    <p class='ocr_par' dir='ltr' id='par_1_3' title="bbox 126 498 1260 687">
     <span class='ocr_line' id='line_1_3' title="bbox 126 498 1260 581; baseline 0.004 -18"><span class='ocrx_word' id='word_1_13' title='bbox 126 499 218 563; x_wconf 83' lang='lat' dir='ltr'>fiuxit</span> <span class='ocrx_word' id='word_1_14' title='bbox 241 499 309 564; x_wconf 90' lang='lat' dir='ltr'>sine</span> <span class='ocrx_word' id='word_1_15' title='bbox 328 499 366 563; x_wconf 88' lang='lat' dir='ltr'>ed</span> <span class='ocrx_word' id='word_1_16' title='bbox 385 517 478 581; x_wconf 89' lang='lat' dir='ltr'>quern</span> <span class='ocrx_word' id='word_1_17' title='bbox 496 499 601 580; x_wconf 89' lang='lat' dir='ltr'>ipsum</span> <span class='ocrx_word' id='word_1_18' title='bbox 618 500 778 581; x_wconf 85' lang='lat' dir='ltr'>pertinuit,</span> <span class='ocrx_word' id='word_1_19' title='bbox 798 502 835 563; x_wconf 92' lang='lat' dir='ltr'>ut</span> <span class='ocrx_word' id='word_1_20' title='bbox 852 501 996 565; x_wconf 86' lang='lat' dir='ltr'>Uaticani</span> <span class='ocrx_word' id='word_1_21' title='bbox 1014 498 1043 564; x_wconf 88' lang='lat' dir='ltr'><strong>V</strong></span> <span class='ocrx_word' id='word_1_22' title='bbox 1061 501 1260 568; x_wconf 88' lang='lat' dir='ltr'>simillimum</span> 
     </span>
     <span class='ocr_line' id='line_1_4' title="bbox 127 604 828 687; baseline 0.007 -20"><span class='ocrx_word' id='word_1_23' title='bbox 127 604 173 668; x_wconf 85' lang='lat' dir='ltr'>ita</span> <span class='ocrx_word' id='word_1_24' title='bbox 195 623 231 669; x_wconf 92' lang='lat' dir='ltr'>eo</span> <span class='ocrx_word' id='word_1_25' title='bbox 254 606 305 670; x_wconf 89' lang='lat' dir='ltr'>hic</span> <span class='ocrx_word' id='word_1_26' title='bbox 328 605 394 669; x_wconf 90' lang='lat' dir='ltr'>illic</span> <span class='ocrx_word' id='word_1_27' title='bbox 416 605 511 687; x_wconf 88' lang='lat' dir='ltr'>paulo</span> <span class='ocrx_word' id='word_1_28' title='bbox 534 604 634 669; x_wconf 84' lang='lat' dir='ltr'>inisse</span> <span class='ocrx_word' id='word_1_29' title='bbox 658 604 828 672; x_wconf 88' lang='lat' dir='ltr'>meliorem.</span> 
     </span>
    </p>

    <p class='ocr_par' dir='ltr' id='par_1_4' title="bbox 124 701 1258 1426">
     <span class='ocr_line' id='line_1_5' title="bbox 172 701 1258 788; baseline 0.004 -14"><span class='ocrx_word' id='word_1_30' title='bbox 172 701 304 788; x_wconf 86' lang='lat' dir='ltr'>Saeculo</span> <span class='ocrx_word' id='word_1_31' title='bbox 336 709 446 774; x_wconf 88' lang='lat' dir='ltr'>deinde</span> <span class='ocrx_word' id='word_1_32' title='bbox 478 709 642 775; x_wconf 88' lang='lat' dir='ltr'>undecimo</span> <span class='ocrx_word' id='word_1_33' title='bbox 676 710 892 775; x_wconf 80' lang='lat' dir='ltr'>collectionem</span> <span class='ocrx_word' id='word_1_34' title='bbox 929 710 1113 776; x_wconf 77' lang='lat' dir='ltr'>Auellanam</span> <span class='ocrx_word' id='word_1_35' title='bbox 1150 716 1258 778; x_wconf 86' lang='lat' dir='ltr'>notam</span> 
     </span>
     <span class='ocr_line' id='line_1_6' title="bbox 125 815 1257 899; baseline 0.004 -21"><span class='ocrx_word' id='word_1_36' title='bbox 125 815 227 880; x_wconf 81' lang='lat' dir='ltr'>inisse</span> <span class='ocrx_word' id='word_1_37' title='bbox 253 815 439 880; x_wconf 77' lang='lat' dir='ltr'>dnselmo</span> <span class='ocrx_word' id='word_1_38' title='bbox 466 815 639 880; x_wconf 88' lang='lat' dir='ltr'>Lucensi</span> <span class='ocrx_word' id='word_1_39' title='bbox 666 834 702 880; x_wconf 93' lang='lat' dir='ltr'>eo</span> <span class='ocrx_word' id='word_1_40' title='bbox 727 818 864 899; x_wconf 87' lang='lat' dir='ltr'>apparet,</span> <span class='ocrx_word' id='word_1_41' title='bbox 889 817 972 898; x_wconf 91' lang='lat' dir='ltr'>quod</span> <span class='ocrx_word' id='word_1_42' title='bbox 994 816 1046 882; x_wconf 93' lang='lat' dir='ltr'>hic</span> <span class='ocrx_word' id='word_1_43' title='bbox 1070 817 1136 882; x_wconf 87' lang='lat' dir='ltr'>sine</span> <span class='ocrx_word' id='word_1_44' title='bbox 1161 818 1257 883; x_wconf 87' lang='lat' dir='ltr'>dnbio</span> 
     </span>
     <span class='ocr_line' id='line_1_7' title="bbox 124 920 1255 1004; baseline 0.004 -20"><span class='ocrx_word' id='word_1_45' title='bbox 124 920 194 1004; x_wconf 86' lang='lat' dir='ltr'>ipse</span> <span class='ocrx_word' id='word_1_46' title='bbox 217 941 253 985; x_wconf 85' lang='lat' dir='ltr'>ex</span> <span class='ocrx_word' id='word_1_47' title='bbox 276 940 312 985; x_wconf 91' lang='lat' dir='ltr'>ea</span> <span class='ocrx_word' id='word_1_48' title='bbox 334 939 406 985; x_wconf 91' lang='lat' dir='ltr'>cum</span> <span class='ocrx_word' id='word_1_49' title='bbox 429 921 491 985; x_wconf 89' lang='grc'><strong>5115</strong></span> <span class='ocrx_word' id='word_1_50' title='bbox 512 924 582 985; x_wconf 89' lang='lat' dir='ltr'>tum</span> <span class='ocrx_word' id='word_1_51' title='bbox 605 940 652 1004; x_wconf 86' lang='lat' dir='ltr'>ep.</span> <span class='ocrx_word' id='word_1_52' title='bbox 677 923 718 986; x_wconf 87' lang='lat'>95</span> <span class='ocrx_word' id='word_1_53' title='bbox 742 921 773 985; x_wconf 94' lang='lat' dir='ltr'>in</span> <span class='ocrx_word' id='word_1_54' title='bbox 797 941 887 987; x_wconf 85' lang='lat' dir='ltr'>enam</span> <span class='ocrx_word' id='word_1_55' title='bbox 916 922 1132 987; x_wconf 81' lang='lat' dir='ltr'>collectionem</span> <span class='ocrx_word' id='word_1_56' title='bbox 1156 927 1255 989; x_wconf 89' lang='lat' dir='ltr'>traus-</span> 
     </span>
     <span class='ocr_line' id='line_1_8' title="bbox 125 1025 1256 1112; baseline 0.003 -22"><span class='ocrx_word' id='word_1_57' title='bbox 125 1027 202 1091; x_wconf 90' lang='lat' dir='ltr'>tulit</span> <span class='ocrx_word' id='word_1_58' title='bbox 216 1025 269 1112; x_wconf 89' lang='lat' dir='ltr'>(of.</span> <span class='ocrx_word' id='word_1_59' title='bbox 281 1028 361 1091; x_wconf 87' lang='lat' dir='ltr'>infra</span> <span class='ocrx_word' id='word_1_60' title='bbox 372 1048 403 1110; x_wconf 87' lang='lat' dir='ltr'>p.</span> <span class='ocrx_word' id='word_1_61' title='bbox 414 1027 563 1091; x_wconf 86' lang='lat' dir='ltr'>LXXIIII</span> <span class='ocrx_word' id='word_1_62' title='bbox 578 1026 650 1112; x_wconf 89' lang='lat' dir='ltr'>eq.).</span> <span class='ocrx_word' id='word_1_63' title='bbox 665 1047 759 1110; x_wconf 89' lang='lat' dir='ltr'>quam</span> <span class='ocrx_word' id='word_1_64' title='bbox 774 1029 902 1093; x_wconf 87' lang='lat' dir='ltr'>eandem</span> <span class='ocrx_word' id='word_1_65' title='bbox 917 1028 1085 1110; x_wconf 85' lang='lat' dir='ltr'>epistulam</span> <span class='ocrx_word' id='word_1_66' title='bbox 1099 1048 1135 1093; x_wconf 84' lang='lat' dir='ltr'>en</span> <span class='ocrx_word' id='word_1_67' title='bbox 1150 1029 1256 1095; x_wconf 87' lang='lat' dir='ltr'>codice</span> 
     </span>
     <span class='ocr_line' id='line_1_9' title="bbox 126 1132 1255 1214; baseline 0.001 -17"><span class='ocrx_word' id='word_1_68' title='bbox 126 1133 261 1214; x_wconf 90' lang='lat' dir='ltr'>quodam</span> <span class='ocrx_word' id='word_1_69' title='bbox 293 1133 464 1197; x_wconf 85' lang='lat' dir='ltr'>Auellanae</span> <span class='ocrx_word' id='word_1_70' title='bbox 500 1132 648 1198; x_wconf 87' lang='lat' dir='ltr'>Uaticano</span> <span class='ocrx_word' id='word_1_71' title='bbox 678 1133 705 1196; x_wconf 91' lang='lat' dir='ltr'><strong>V</strong></span> <span class='ocrx_word' id='word_1_72' title='bbox 733 1133 894 1197; x_wconf 91' lang='lat' dir='ltr'>simillimo</span> <span class='ocrx_word' id='word_1_73' title='bbox 927 1133 1022 1198; x_wconf 88' lang='lat' dir='ltr'>etiem</span> <span class='ocrx_word' id='word_1_74' title='bbox 1052 1133 1084 1198; x_wconf 91' lang='lat' dir='ltr'>in</span> <span class='ocrx_word' id='word_1_75' title='bbox 1115 1134 1255 1199; x_wconf 86' lang='lat' dir='ltr'>codicem</span> 
     </span>
     <span class='ocr_line' id='line_1_10' title="bbox 125 1237 1254 1325; baseline 0.003 -23"><span class='ocrx_word' id='word_1_76' title='bbox 125 1239 362 1304; x_wconf 81' lang='lat' dir='ltr'>miscellaneam</span> <span class='ocrx_word' id='word_1_77' title='bbox 384 1238 589 1304; x_wconf 81' lang='grc'><strong>1151153832</strong></span> <span class='ocrx_word' id='word_1_78' title='bbox 614 1257 694 1304; x_wconf 85' lang='lat' dir='ltr'>saec.</span> <span class='ocrx_word' id='word_1_79' title='bbox 709 1237 770 1302; x_wconf 89' lang='lat' dir='ltr'>XII</span> <span class='ocrx_word' id='word_1_80' title='bbox 794 1237 850 1322; x_wconf 92' lang='lat'>(=</span> <span class='ocrx_word' id='word_1_81' title='bbox 863 1239 904 1325; x_wconf 87' lang='lat' dir='ltr'>R)</span> <span class='ocrx_word' id='word_1_82' title='bbox 929 1239 1079 1304; x_wconf 82' lang='lat' dir='ltr'>transisse</span> <span class='ocrx_word' id='word_1_83' title='bbox 1102 1239 1163 1305; x_wconf 91' lang='lat' dir='ltr'>elio</span> <span class='ocrx_word' id='word_1_84' title='bbox 1186 1240 1254 1314; x_wconf 82' lang='lat' dir='ltr'>loco</span> 
     </span>
     <span class='ocr_line' id='line_1_11' title="bbox 126 1355 548 1426; baseline 0.005 -18"><span class='ocrx_word' id='word_1_85' title='bbox 126 1362 288 1426; x_wconf 84' lang='lat' dir='ltr'>erponem.</span> <span class='ocrx_word' id='word_1_86' title='bbox 546 1355 548 1359; x_wconf 86' lang='grc'><strong>’</strong></span> 
     </span>
    </p>

    <p class='ocr_par' dir='ltr' id='par_1_5' title="bbox 123 1449 1256 2273">
     <span class='ocr_line' id='line_1_12' title="bbox 170 1449 1253 1534; baseline 0 -20"><span class='ocrx_word' id='word_1_87' title='bbox 170 1449 259 1516; x_wconf 80' lang='lat' dir='ltr'>Anno</span> <span class='ocrx_word' id='word_1_88' title='bbox 288 1451 421 1533; x_wconf 91' lang='lat' dir='ltr'>deniqne</span> <span class='ocrx_word' id='word_1_89' title='bbox 449 1452 535 1516; x_wconf 89' lang='grc'>1084</span> <span class='ocrx_word' id='word_1_90' title='bbox 567 1451 711 1516; x_wconf 89' lang='lat' dir='ltr'>Petrus</span> <span class='ocrx_word' id='word_1_91' title='bbox 746 1451 917 1517; x_wconf 81' lang='lat' dir='ltr'>Crassus</span> <span class='ocrx_word' id='word_1_92' title='bbox 949 1451 1026 1516; x_wconf 84' lang='lat' dir='ltr'>iuris</span> <span class='ocrx_word' id='word_1_93' title='bbox 1053 1451 1253 1534; x_wconf 74' lang='grc'><strong>5551155115-</strong></span> 
     </span>
     <span class='ocr_line' id='line_1_13' title="bbox 126 1555 1254 1639; baseline 0.002 -20"><span class='ocrx_word' id='word_1_94' title='bbox 126 1573 244 1620; x_wconf 87' lang='lat' dir='ltr'>uennae</span> <span class='ocrx_word' id='word_1_95' title='bbox 266 1556 402 1620; x_wconf 90' lang='lat' dir='ltr'>Henrico</span> <span class='ocrx_word' id='word_1_96' title='bbox 436 1559 546 1638; x_wconf 82' lang='lat' dir='ltr'>quarto</span> <span class='ocrx_word' id='word_1_97' title='bbox 580 1556 696 1621; x_wconf 88' lang='lat' dir='ltr'>obtulit</span> <span class='ocrx_word' id='word_1_98' title='bbox 725 1555 878 1634; x_wconf 89' lang='lat' dir='ltr'>libellum,</span> <span class='ocrx_word' id='word_1_99' title='bbox 907 1575 1001 1639; x_wconf 90' lang='lat' dir='ltr'>quem</span> <span class='ocrx_word' id='word_1_100' title='bbox 1029 1575 1062 1620; x_wconf 88' lang='lat' dir='ltr'>se</span> <span class='ocrx_word' id='word_1_101' title='bbox 1090 1556 1254 1638; x_wconf 85' lang='lat' dir='ltr'>scripsisse</span> 
     </span>
     <span class='ocr_line' id='line_1_14' title="bbox 125 1661 1255 1746; baseline 0.003 -21"><span class='ocrx_word' id='word_1_102' title='bbox 125 1662 171 1726; x_wconf 87' lang='lat' dir='ltr'>eit</span> <span class='ocrx_word' id='word_1_103' title='bbox 200 1665 237 1725; x_wconf 93' lang='lat' dir='ltr'>ut</span> <span class='ocrx_word' id='word_1_104' title='bbox 266 1680 301 1727; x_wconf 92' lang='lat' dir='ltr'>eo</span> <span class='ocrx_word' id='word_1_105' title='bbox 332 1661 415 1746; x_wconf 84' lang='lat' dir='ltr'>regis</span> <span class='ocrx_word' id='word_1_106' title='bbox 448 1663 590 1745; x_wconf 88' lang='lat' dir='ltr'>aequitas</span> <span class='ocrx_word' id='word_1_107' title='bbox 623 1664 656 1726; x_wconf 89' lang='lat' dir='ltr'>et</span> <span class='ocrx_word' id='word_1_108' title='bbox 686 1661 811 1727; x_wconf 89' lang='lat' dir='ltr'>iustitia</span> <span class='ocrx_word' id='word_1_109' title='bbox 840 1665 872 1726; x_wconf 87' lang='lat' dir='ltr'>et</span> <span class='ocrx_word' id='word_1_110' title='bbox 901 1662 1149 1727; x_wconf 89' lang='lat' dir='ltr'>aduersariorum</span> <span class='ocrx_word' id='word_1_111' title='bbox 1172 1681 1255 1728; x_wconf 91' lang='lat' dir='ltr'>error</span> 
     </span>
     <span class='ocr_line' id='line_1_15' title="bbox 123 1765 1256 1848; baseline 0 -17"><span class='ocrx_word' id='word_1_112' title='bbox 123 1766 230 1831; x_wconf 85' lang='lat' dir='ltr'>lucide</span> <span class='ocrx_word' id='word_1_113' title='bbox 262 1766 413 1831; x_wconf 87' lang='lat' dir='ltr'>declarari</span> <span class='ocrx_word' id='word_1_114' title='bbox 444 1769 562 1848; x_wconf 84' lang='lat' dir='ltr'>posset.</span> <span class='ocrx_word' id='word_1_115' title='bbox 596 1767 647 1831; x_wconf 89' lang='lat' dir='ltr'>cui</span> <span class='ocrx_word' id='word_1_116' title='bbox 679 1766 797 1843; x_wconf 86' lang='lat' dir='ltr'>libello,</span> <span class='ocrx_word' id='word_1_117' title='bbox 822 1785 914 1847; x_wconf 87' lang='lat' dir='ltr'>quem</span> <span class='ocrx_word' id='word_1_118' title='bbox 946 1769 1124 1848; x_wconf 89' lang='lat' dir='ltr'>postremus</span> <span class='ocrx_word' id='word_1_119' title='bbox 1156 1765 1256 1831; x_wconf 86' lang='lat' dir='ltr'>edidit</span> 
     </span>
     <span class='ocr_line' id='line_1_16' title="bbox 124 1869 1255 1955; baseline 0.001 -19"><span class='ocrx_word' id='word_1_120' title='bbox 124 1871 160 1936; x_wconf 85' lang='lat' dir='ltr'>L.</span> <span class='ocrx_word' id='word_1_121' title='bbox 185 1872 222 1936; x_wconf 91' lang='lat' dir='ltr'>de</span> <span class='ocrx_word' id='word_1_122' title='bbox 244 1872 439 1936; x_wconf 90' lang='lat' dir='ltr'>Heinemenn</span> <span class='ocrx_word' id='word_1_123' title='bbox 463 1869 617 1955; x_wconf 88' lang='lat' dir='ltr'>(Menum.</span> <span class='ocrx_word' id='word_1_124' title='bbox 643 1871 747 1938; x_wconf 81' lang='lat' dir='ltr'>Germ.</span> <span class='ocrx_word' id='word_1_125' title='bbox 771 1872 845 1938; x_wconf 92' lang='lat' dir='ltr'>hist.</span> <span class='ocrx_word' id='word_1_126' title='bbox 869 1871 982 1936; x_wconf 88' lang='lat' dir='ltr'>Libelli</span> <span class='ocrx_word' id='word_1_127' title='bbox 1006 1872 1044 1936; x_wconf 91' lang='lat' dir='ltr'>de</span> <span class='ocrx_word' id='word_1_128' title='bbox 1066 1873 1122 1937; x_wconf 90' lang='lat' dir='ltr'>lite</span> <span class='ocrx_word' id='word_1_129' title='bbox 1144 1872 1255 1954; x_wconf 86' lang='lat' dir='ltr'>imp.I</span> 
     </span>
     <span class='ocr_line' id='line_1_17' title="bbox 124 1975 1255 2059; baseline 0.001 -18"><span class='ocrx_word' id='word_1_130' title='bbox 124 1979 190 2059; x_wconf 78' lang='grc'>432</span> <span class='ocrx_word' id='word_1_131' title='bbox 210 1977 302 2059; x_wconf 87' lang='lat' dir='ltr'>sqq.)‚</span> <span class='ocrx_word' id='word_1_132' title='bbox 322 1979 443 2059; x_wconf 86' lang='lat' dir='ltr'>praeter</span> <span class='ocrx_word' id='word_1_133' title='bbox 460 1977 578 2042; x_wconf 91' lang='lat' dir='ltr'>multos</span> <span class='ocrx_word' id='word_1_134' title='bbox 597 1977 674 2042; x_wconf 86' lang='lat' dir='ltr'>alios</span> <span class='ocrx_word' id='word_1_135' title='bbox 693 1978 780 2042; x_wconf 87' lang='lat' dir='ltr'>locos</span> <span class='ocrx_word' id='word_1_136' title='bbox 800 1996 835 2042; x_wconf 82' lang='lat' dir='ltr'>er</span> <span class='ocrx_word' id='word_1_137' title='bbox 853 1978 1118 2056; x_wconf 85' lang='lat' dir='ltr'>Institutienibus,</span> <span class='ocrx_word' id='word_1_138' title='bbox 1140 1975 1255 2042; x_wconf 85' lang='lat' dir='ltr'>Codice</span> 
     </span>
     <span class='ocr_line' id='line_1_18' title="bbox 125 2070 1255 2168; baseline -0.001 -20"><span class='ocrx_word' id='word_1_139' title='bbox 125 2083 310 2159; x_wconf 77' lang='lat' dir='ltr'>lastiniam,</span> <span class='ocrx_word' id='word_1_140' title='bbox 335 2082 461 2164; x_wconf 88' lang='lat' dir='ltr'>scriptis</span> <span class='ocrx_word' id='word_1_141' title='bbox 485 2082 688 2148; x_wconf 90' lang='lat' dir='ltr'>conciliorum</span> <span class='ocrx_word' id='word_1_142' title='bbox 717 2087 840 2168; x_wconf 84' lang='lat' dir='ltr'>petrum</span> <span class='ocrx_word' id='word_1_143' title='bbox 863 2084 1047 2166; x_wconf 87' lang='lat' dir='ltr'>pontificum</span> <span class='ocrx_word' id='word_1_144' title='bbox 1068 2083 1177 2166; x_wconf 89' lang='lat' dir='ltr'>petitis</span> <span class='ocrx_word' id='word_1_145' title='bbox 1201 2070 1255 2147; x_wconf 80' lang='lat' dir='ltr'>ali-</span> 
     </span>
     <span class='ocr_line' id='line_1_19' title="bbox 124 2188 1256 2273; baseline 0.001 -19"><span class='ocrx_word' id='word_1_146' title='bbox 124 2193 204 2271; x_wconf 93' lang='lat' dir='ltr'>quot</span> <span class='ocrx_word' id='word_1_147' title='bbox 227 2188 321 2253; x_wconf 88' lang='lat' dir='ltr'>etiam</span> <span class='ocrx_word' id='word_1_148' title='bbox 344 2189 477 2254; x_wconf 90' lang='lat' dir='ltr'>insemit</span> <span class='ocrx_word' id='word_1_149' title='bbox 500 2208 535 2253; x_wconf 83' lang='lat' dir='ltr'>ex</span> <span class='ocrx_word' id='word_1_150' title='bbox 553 2190 722 2254; x_wconf 87' lang='lat' dir='ltr'>Auellanue</span> <span class='ocrx_word' id='word_1_151' title='bbox 748 2208 817 2273; x_wconf 86' lang='lat' dir='ltr'>epp.</span> <span class='ocrx_word' id='word_1_152' title='bbox 842 2191 903 2256; x_wconf 82' lang='grc'>107</span> <span class='ocrx_word' id='word_1_153' title='bbox 924 2193 956 2254; x_wconf 89' lang='lat' dir='ltr'>et</span> <span class='ocrx_word' id='word_1_154' title='bbox 976 2192 1037 2256; x_wconf 90' lang='grc'>108</span> <span class='ocrx_word' id='word_1_155' title='bbox 1061 2190 1256 2273; x_wconf 87' lang='lat' dir='ltr'>desumptos,</span> 
     </span>
    </p>
   </div>
   <div class='ocr_carea' id='block_1_4' title="bbox 21 2290 1255 2382">
    <p class='ocr_par' dir='ltr' id='par_1_6' title="bbox 21 2290 1255 2382">
     <span class='ocr_line' id='line_1_20' title="bbox 21 2290 1255 2382; baseline 0.001 -22"><span class='ocrx_word' id='word_1_156' title='bbox 21 2338 27 2348; x_wconf 23' lang='grc' dir='ltr'>ιι</span> <span class='ocrx_word' id='word_1_157' title='bbox 124 2295 249 2361; x_wconf 88' lang='lat' dir='ltr'>scilicet</span> <span class='ocrx_word' id='word_1_158' title='bbox 275 2290 406 2361; x_wconf 88' lang='lat' dir='ltr'>titulum</span> <span class='ocrx_word' id='word_1_159' title='bbox 429 2297 521 2380; x_wconf 79' lang='lat'>499„</span> <span class='ocrx_word' id='word_1_160' title='bbox 552 2294 654 2361; x_wconf 74' lang='grc'><strong>1115155</strong></span> <span class='ocrx_word' id='word_1_161' title='bbox 675 2297 867 2362; x_wconf 70' lang='lat' dir='ltr'>Anastasius</span> <span class='ocrx_word' id='word_1_162' title='bbox 884 2348 891 2364; x_wconf 91' lang='lat'><strong>.</strong></span> <span class='ocrx_word' id='word_1_163' title='bbox 908 2298 1021 2382; x_wconf 69' lang='grc'>,49912</span> <span class='ocrx_word' id='word_1_164' title='bbox 1045 2297 1255 2378; x_wconf 78' lang='lat' dir='ltr'>patriorclme,</span> 
     </span>
    </p>
   </div>
   <div class='ocr_carea' id='block_1_5' title="bbox 37 2401 1256 3241">
    <p class='ocr_par' dir='ltr' id='par_1_7' title="bbox 37 2401 1256 3241">
     <span class='ocr_line' id='line_1_21' title="bbox 123 2401 1253 2488; baseline 0.001 -22"><span class='ocrx_word' id='word_1_165' title='bbox 123 2401 235 2466; x_wconf 90' lang='lat' dir='ltr'>deinde</span> <span class='ocrx_word' id='word_1_166' title='bbox 257 2401 353 2465; x_wconf 90' lang='lat' dir='ltr'>uerba</span> <span class='ocrx_word' id='word_1_167' title='bbox 367 2402 467 2486; x_wconf 73' lang='lat'>499„</span> <span class='ocrx_word' id='word_1_168' title='bbox 491 2403 600 2466; x_wconf 82' lang='lat' dir='ltr'>suauis</span> <span class='ocrx_word' id='word_1_169' title='bbox 622 2402 749 2483; x_wconf 78' lang='lat' dir='ltr'>opinio.</span> <span class='ocrx_word' id='word_1_170' title='bbox 769 2404 871 2488; x_wconf 66' lang='lat'>‚5004</span> <span class='ocrx_word' id='word_1_171' title='bbox 893 2404 1076 2468; x_wconf 79' lang='lat' dir='ltr'>restituetur</span> <span class='ocrx_word' id='word_1_172' title='bbox 1103 2402 1253 2481; x_wconf 81' lang='lat' dir='ltr'>ecclesiae,</span> 
     </span>
     <span class='ocr_line' id='line_1_22' title="bbox 37 2504 1253 2593; baseline 0.004 -22"><span class='ocrx_word' id='word_1_173' title='bbox 37 2530 38 2533; x_wconf 44' lang='lat'>¹</span> <span class='ocrx_word' id='word_1_174' title='bbox 124 2508 215 2591; x_wconf 86' lang='lat'>500„</span> <span class='ocrx_word' id='word_1_175' title='bbox 244 2504 531 2592; x_wconf 14' lang='lat' dir='ltr'>Gratius..¹5001⁴</span> <span class='ocrx_word' id='word_1_176' title='bbox 559 2508 747 2587; x_wconf 75' lang='lat' dir='ltr'>confidamus</span> <span class='ocrx_word' id='word_1_177' title='bbox 774 2509 936 2584; x_wconf 79' lang='lat' dir='ltr'>ecelesiam,</span> <span class='ocrx_word' id='word_1_178' title='bbox 961 2510 1052 2593; x_wconf 81' lang='lat'>500„</span> <span class='ocrx_word' id='word_1_179' title='bbox 1076 2529 1141 2589; x_wconf 74' lang='lat' dir='ltr'>poe</span> <span class='ocrx_word' id='word_1_180' title='bbox 1163 2514 1207 2574; x_wconf 83' lang='lat' dir='ltr'>est</span> <span class='ocrx_word' id='word_1_181' title='bbox 1222 2559 1253 2576; x_wconf 89' lang='lat'>..</span> 
     </span>
     <span class='ocr_line' id='line_1_23' title="bbox 124 2612 1256 2703; baseline 0.004 -26"><span class='ocrx_word' id='word_1_182' title='bbox 124 2613 201 2696; x_wconf 85' lang='lat'>501,</span> <span class='ocrx_word' id='word_1_183' title='bbox 229 2612 369 2697; x_wconf 81' lang='lat' dir='ltr'>relinquo</span> <span class='ocrx_word' id='word_1_184' title='bbox 395 2614 482 2678; x_wconf 82' lang='lat' dir='ltr'>uotis</span> <span class='ocrx_word' id='word_1_185' title='bbox 508 2614 560 2698; x_wconf 89' lang='grc'><strong>(51.</strong></span> <span class='ocrx_word' id='word_1_186' title='bbox 589 2613 757 2679; x_wconf 88' lang='lat' dir='ltr'>editionem</span> <span class='ocrx_word' id='word_1_187' title='bbox 779 2615 984 2680; x_wconf 87' lang='lat' dir='ltr'>Heinemenni</span> <span class='ocrx_word' id='word_1_188' title='bbox 1010 2614 1032 2678; x_wconf 89' lang='lat' dir='ltr'>l.</span> <span class='ocrx_word' id='word_1_189' title='bbox 1057 2634 1082 2680; x_wconf 86' lang='lat' dir='ltr'>o.</span> <span class='ocrx_word' id='word_1_190' title='bbox 1107 2636 1137 2699; x_wconf 90' lang='lat' dir='ltr'>p.</span> <span class='ocrx_word' id='word_1_191' title='bbox 1162 2618 1256 2703; x_wconf 70' lang='grc'>437),</span> 
     </span>
     <span class='ocr_line' id='line_1_24' title="bbox 123 2718 1254 2802; baseline 0.007 -20"><span class='ocrx_word' id='word_1_192' title='bbox 123 2721 217 2800; x_wconf 90' lang='lat' dir='ltr'>etque</span> <span class='ocrx_word' id='word_1_193' title='bbox 254 2718 360 2801; x_wconf 82' lang='lat' dir='ltr'>Meyer</span> <span class='ocrx_word' id='word_1_194' title='bbox 401 2720 536 2802; x_wconf 89' lang='lat' dir='ltr'>quidem,</span> <span class='ocrx_word' id='word_1_195' title='bbox 568 2738 640 2785; x_wconf 91' lang='lat' dir='ltr'>cum</span> <span class='ocrx_word' id='word_1_196' title='bbox 680 2724 835 2785; x_wconf 88' lang='lat' dir='ltr'>euerteret</span> <span class='ocrx_word' id='word_1_197' title='bbox 874 2720 1060 2786; x_wconf 85' lang='lat' dir='ltr'>sententiam</span> <span class='ocrx_word' id='word_1_198' title='bbox 1093 2721 1254 2790; x_wconf 89' lang='lat' dir='ltr'>Meusseni</span> 
     </span>
     <span class='ocr_line' id='line_1_25' title="bbox 122 2823 1252 2910; baseline 0.005 -23"><span class='ocrx_word' id='word_1_199' title='bbox 122 2823 340 2890; x_wconf 88' lang='lat' dir='ltr'>collectionem</span> <span class='ocrx_word' id='word_1_200' title='bbox 364 2824 500 2906; x_wconf 89' lang='lat' dir='ltr'>aliquam</span> <span class='ocrx_word' id='word_1_201' title='bbox 524 2826 565 2889; x_wconf 85' lang='lat' dir='ltr'>‘in</span> <span class='ocrx_word' id='word_1_202' title='bbox 589 2844 650 2908; x_wconf 88' lang='lat' dir='ltr'>qne</span> <span class='ocrx_word' id='word_1_203' title='bbox 671 2825 782 2889; x_wconf 87' lang='lat' dir='ltr'>beatus</span> <span class='ocrx_word' id='word_1_204' title='bbox 803 2824 972 2910; x_wconf 83' lang='lat' dir='ltr'>Gregorius</span> <span class='ocrx_word' id='word_1_205' title='bbox 995 2829 1144 2908; x_wconf 86' lang='lat' dir='ltr'>utrasque</span> <span class='ocrx_word' id='word_1_206' title='bbox 1169 2846 1252 2893; x_wconf 88' lang='lat' dir='ltr'>com·</span> 
     </span>
     <span class='ocr_line' id='line_1_26' title="bbox 122 2924 1252 3017; baseline 0.007 -25"><span class='ocrx_word' id='word_1_207' title='bbox 122 2928 236 3010; x_wconf 88' lang='lat' dir='ltr'>posuit·</span> <span class='ocrx_word' id='word_1_208' title='bbox 260 2930 360 3013; x_wconf 87' lang='lat' dir='ltr'>leges&#39;</span> <span class='ocrx_word' id='word_1_209' title='bbox 392 2949 410 2994; x_wconf 92' lang='lat' dir='ltr'>e</span> <span class='ocrx_word' id='word_1_210' title='bbox 440 2931 533 2996; x_wconf 86' lang='lat' dir='ltr'>Petro</span> <span class='ocrx_word' id='word_1_211' title='bbox 567 2924 678 2996; x_wconf 83' lang='lat' dir='ltr'>Crasso</span> <span class='ocrx_word' id='word_1_212' title='bbox 705 2931 841 2996; x_wconf 91' lang='lat' dir='ltr'>Henrico</span> <span class='ocrx_word' id='word_1_213' title='bbox 869 2932 1056 3014; x_wconf 91' lang='lat' dir='ltr'>promissam</span> <span class='ocrx_word' id='word_1_214' title='bbox 1084 2932 1138 3017; x_wconf 92' lang='grc'><strong>(51.</strong></span> <span class='ocrx_word' id='word_1_215' title='bbox 1170 2934 1192 3000; x_wconf 88' lang='grc'>1.</span> <span class='ocrx_word' id='word_1_216' title='bbox 1225 2953 1252 3000; x_wconf 91' lang='grc'>5.</span> 
     </span>
     <span class='ocr_line' id='line_1_27' title="bbox 122 3026 1253 3119; baseline 0.006 -21"><span class='ocrx_word' id='word_1_217' title='bbox 122 3033 216 3119; x_wconf 78' lang='grc'>43439</span> <span class='ocrx_word' id='word_1_218' title='bbox 236 3035 316 3118; x_wconf 85' lang='lat' dir='ltr'>sqq.)</span> <span class='ocrx_word' id='word_1_219' title='bbox 333 3039 474 3101; x_wconf 85' lang='lat' dir='ltr'>nostram</span> <span class='ocrx_word' id='word_1_220' title='bbox 495 3055 563 3102; x_wconf 87' lang='lat' dir='ltr'>esse</span> <span class='ocrx_word' id='word_1_221' title='bbox 581 3037 767 3101; x_wconf 85' lang='lat' dir='ltr'>Auellanam</span> <span class='ocrx_word' id='word_1_222' title='bbox 790 3026 989 3119; x_wconf 82' lang='lat' dir='ltr'>suspicantis,</span> <span class='ocrx_word' id='word_1_223' title='bbox 1009 3037 1046 3102; x_wconf 90' lang='lat' dir='ltr'>de</span> <span class='ocrx_word' id='word_1_224' title='bbox 1064 3037 1150 3103; x_wconf 87' lang='lat' dir='ltr'>fonte</span> <span class='ocrx_word' id='word_1_225' title='bbox 1169 3040 1253 3105; x_wconf 93' lang='lat' dir='ltr'>unde</span> 
     </span>
     <span class='ocr_line' id='line_1_28' title="bbox 121 3140 1252 3241; baseline 0.004 -36"><span class='ocrx_word' id='word_1_226' title='bbox 121 3140 257 3241; x_wconf 72' lang='lat' dir='ltr'>frustula</span> <span class='ocrx_word' id='word_1_227' title='bbox 277 3141 333 3206; x_wconf 91' lang='grc'><strong>1115</strong></span> <span class='ocrx_word' id='word_1_228' title='bbox 351 3142 463 3207; x_wconf 88' lang='lat' dir='ltr'>Petrus</span> <span class='ocrx_word' id='word_1_229' title='bbox 487 3143 666 3225; x_wconf 85' lang='lat' dir='ltr'>sumpserit,</span> <span class='ocrx_word' id='word_1_230' title='bbox 685 3142 765 3207; x_wconf 91' lang='lat' dir='ltr'>nihil</span> <span class='ocrx_word' id='word_1_231' title='bbox 789 3142 948 3207; x_wconf 84' lang='lat' dir='ltr'>contendit</span> <span class='ocrx_word' id='word_1_232' title='bbox 970 3141 1125 3207; x_wconf 85' lang='lat' dir='ltr'>adfirmari</span> <span class='ocrx_word' id='word_1_233' title='bbox 1148 3162 1252 3225; x_wconf 88' lang='lat' dir='ltr'>posse,</span> 
     </span>
    </p>
   </div>
   <div class='ocr_carea' id='block_1_6' title="bbox 24 3246 1252 3330">
    <p class='ocr_par' dir='ltr' id='par_1_8' title="bbox 24 3246 1252 3330">
     <span class='ocr_line' id='line_1_29' title="bbox 24 3246 1252 3330; baseline 0.002 -19"><span class='ocrx_word' id='word_1_234' title='bbox 24 3249 25 3252; x_wconf 74' lang='grc'>’</span> <span class='ocrx_word' id='word_1_235' title='bbox 121 3246 178 3311; x_wconf 84' lang='grc'>551</span> <span class='ocrx_word' id='word_1_236' title='bbox 206 3248 310 3311; x_wconf 91' lang='lat' dir='ltr'>tamen</span> <span class='ocrx_word' id='word_1_237' title='bbox 341 3266 413 3312; x_wconf 90' lang='lat' dir='ltr'>eum</span> <span class='ocrx_word' id='word_1_238' title='bbox 443 3249 488 3312; x_wconf 91' lang='lat' dir='ltr'>ait</span> <span class='ocrx_word' id='word_1_239' title='bbox 515 3267 609 3312; x_wconf 91' lang='lat' dir='ltr'>usum</span> <span class='ocrx_word' id='word_1_240' title='bbox 639 3266 708 3312; x_wconf 89' lang='lat' dir='ltr'>esse</span> <span class='ocrx_word' id='word_1_241' title='bbox 738 3247 839 3312; x_wconf 89' lang='lat' dir='ltr'>uideri</span> <span class='ocrx_word' id='word_1_242' title='bbox 868 3248 998 3312; x_wconf 90' lang='lat' dir='ltr'>meliore</span> <span class='ocrx_word' id='word_1_243' title='bbox 1028 3247 1133 3312; x_wconf 90' lang='lat' dir='ltr'>codice</span> <span class='ocrx_word' id='word_1_244' title='bbox 1158 3268 1252 3330; x_wconf 91' lang='lat' dir='ltr'>qnam</span> 
     </span>
    </p>
   </div>
   <div class='ocr_carea' id='block_1_7' title="bbox 120 3351 1252 3861">
    <p class='ocr_par' dir='ltr' id='par_1_9' title="bbox 120 3351 1252 3861">
     <span class='ocr_line' id='line_1_30' title="bbox 120 3351 1250 3436; baseline 0.003 -20"><span class='ocrx_word' id='word_1_245' title='bbox 120 3370 202 3417; x_wconf 91' lang='lat' dir='ltr'>nunc</span> <span class='ocrx_word' id='word_1_246' title='bbox 227 3351 290 3417; x_wconf 92' lang='lat' dir='ltr'>sint</span> <span class='ocrx_word' id='word_1_247' title='bbox 312 3353 436 3418; x_wconf 88' lang='lat' dir='ltr'>codices</span> <span class='ocrx_word' id='word_1_248' title='bbox 458 3354 639 3419; x_wconf 84' lang='lat' dir='ltr'>Auellenee.</span> <span class='ocrx_word' id='word_1_249' title='bbox 663 3354 715 3418; x_wconf 87' lang='lat' dir='ltr'>cui</span> <span class='ocrx_word' id='word_1_250' title='bbox 737 3353 865 3436; x_wconf 89' lang='lat' dir='ltr'>quidem</span> <span class='ocrx_word' id='word_1_251' title='bbox 887 3373 945 3436; x_wconf 85' lang='lat' dir='ltr'>ego</span> <span class='ocrx_word' id='word_1_252' title='bbox 968 3369 1029 3418; x_wconf 95' lang='lat' dir='ltr'>non</span> <span class='ocrx_word' id='word_1_253' title='bbox 1053 3355 1250 3420; x_wconf 81' lang='lat' dir='ltr'>accesserim.</span> 
     </span>
     <span class='ocr_line' id='line_1_31' title="bbox 121 3457 1252 3541; baseline 0.004 -19"><span class='ocrx_word' id='word_1_254' title='bbox 121 3458 355 3523; x_wconf 85' lang='lat' dir='ltr'>concedendum</span> <span class='ocrx_word' id='word_1_255' title='bbox 381 3460 514 3525; x_wconf 84' lang='lat' dir='ltr'>fortasse</span> <span class='ocrx_word' id='word_1_256' title='bbox 543 3460 622 3525; x_wconf 91' lang='lat' dir='ltr'>nihil</span> <span class='ocrx_word' id='word_1_257' title='bbox 651 3459 766 3538; x_wconf 90' lang='lat' dir='ltr'>ualere,</span> <span class='ocrx_word' id='word_1_258' title='bbox 790 3459 874 3541; x_wconf 89' lang='lat' dir='ltr'>qnod</span> <span class='ocrx_word' id='word_1_259' title='bbox 902 3459 992 3524; x_wconf 92' lang='lat' dir='ltr'>nobis</span> <span class='ocrx_word' id='word_1_260' title='bbox 1023 3457 1149 3541; x_wconf 90' lang='lat' dir='ltr'>quidem</span> <span class='ocrx_word' id='word_1_261' title='bbox 1172 3460 1252 3526; x_wconf 89' lang='lat' dir='ltr'>dnae</span> 
     </span>
     <span class='ocr_line' id='line_1_32' title="bbox 120 3563 1251 3647; baseline 0.004 -20"><span class='ocrx_word' id='word_1_262' title='bbox 120 3563 193 3628; x_wconf 86' lang='lat' dir='ltr'>illae</span> <span class='ocrx_word' id='word_1_263' title='bbox 222 3564 376 3646; x_wconf 87' lang='lat' dir='ltr'>epistulae</span> <span class='ocrx_word' id='word_1_264' title='bbox 404 3567 472 3631; x_wconf 89' lang='lat' dir='ltr'>sola</span> <span class='ocrx_word' id='word_1_265' title='bbox 498 3566 651 3630; x_wconf 85' lang='lat' dir='ltr'>Auellene</span> <span class='ocrx_word' id='word_1_266' title='bbox 679 3566 810 3630; x_wconf 86' lang='lat' dir='ltr'>traditae</span> <span class='ocrx_word' id='word_1_267' title='bbox 838 3567 922 3643; x_wconf 89' lang='lat' dir='ltr'>sunt,</span> <span class='ocrx_word' id='word_1_268' title='bbox 946 3565 1098 3629; x_wconf 87' lang='lat' dir='ltr'>aeneid</span> <span class='ocrx_word' id='word_1_269' title='bbox 1125 3565 1251 3647; x_wconf 89' lang='lat' dir='ltr'>quidem</span> 
     </span>
     <span class='ocr_line' id='line_1_33' title="bbox 120 3670 1251 3754; baseline 0.002 -21"><span class='ocrx_word' id='word_1_270' title='bbox 120 3670 228 3754; x_wconf 82' lang='lat' dir='ltr'>magni</span> <span class='ocrx_word' id='word_1_271' title='bbox 245 3670 347 3734; x_wconf 91' lang='lat' dir='ltr'>uideri</span> <span class='ocrx_word' id='word_1_272' title='bbox 365 3672 524 3750; x_wconf 87' lang='lat' dir='ltr'>momenti,</span> <span class='ocrx_word' id='word_1_273' title='bbox 540 3672 623 3753; x_wconf 91' lang='lat' dir='ltr'>quod</span> <span class='ocrx_word' id='word_1_274' title='bbox 642 3672 848 3754; x_wconf 87' lang='lat' dir='ltr'>epistularum</span> <span class='ocrx_word' id='word_1_275' title='bbox 866 3670 990 3736; x_wconf 87' lang='lat' dir='ltr'>illarum</span> <span class='ocrx_word' id='word_1_276' title='bbox 1010 3673 1107 3735; x_wconf 87' lang='lat' dir='ltr'>ultera</span> <span class='ocrx_word' id='word_1_277' title='bbox 1121 3672 1251 3735; x_wconf 85' lang='lat' dir='ltr'>alteram</span> 
     </span>
     <span class='ocr_line' id='line_1_34' title="bbox 120 3775 1251 3861; baseline 0.002 -21"><span class='ocrx_word' id='word_1_278' title='bbox 120 3775 231 3840; x_wconf 88' lang='lat' dir='ltr'>eodem</span> <span class='ocrx_word' id='word_1_279' title='bbox 255 3776 360 3842; x_wconf 91' lang='lat' dir='ltr'>ordine</span> <span class='ocrx_word' id='word_1_280' title='bbox 382 3777 414 3842; x_wconf 93' lang='lat' dir='ltr'>in</span> <span class='ocrx_word' id='word_1_281' title='bbox 432 3778 584 3842; x_wconf 84' lang='lat' dir='ltr'>Auellana</span> <span class='ocrx_word' id='word_1_282' title='bbox 608 3778 731 3861; x_wconf 83' lang='lat' dir='ltr'>excipit,</span> <span class='ocrx_word' id='word_1_283' title='bbox 751 3796 812 3860; x_wconf 90' lang='lat' dir='ltr'>quo</span> <span class='ocrx_word' id='word_1_284' title='bbox 833 3797 867 3841; x_wconf 84' lang='lat' dir='ltr'>ex</span> <span class='ocrx_word' id='word_1_285' title='bbox 887 3780 1017 3860; x_wconf 90' lang='lat' dir='ltr'>utraque</span> <span class='ocrx_word' id='word_1_286' title='bbox 1036 3777 1122 3841; x_wconf 86' lang='lat' dir='ltr'>locos</span> <span class='ocrx_word' id='word_1_287' title='bbox 1137 3777 1251 3842; x_wconf 88' lang='lat' dir='ltr'>Petrus</span> 
     </span>
    </p>
   </div>
   <div class='ocr_carea' id='block_1_8' title="bbox 119 3999 1249 4160">
    <p class='ocr_par' dir='ltr' id='par_1_10' title="bbox 119 3999 1249 4160">
     <span class='ocr_line' id='line_1_35' title="bbox 158 3999 1249 4070; baseline 0.002 -16"><span class='ocrx_word' id='word_1_288' title='bbox 158 3999 178 4067; x_wconf 80' lang='lat'>¹)</span> <span class='ocrx_word' id='word_1_289' title='bbox 196 3999 272 4055; x_wconf 86' lang='lat' dir='ltr'>Hanc</span> <span class='ocrx_word' id='word_1_290' title='bbox 289 4000 430 4056; x_wconf 88' lang='lat' dir='ltr'>lectionem</span> <span class='ocrx_word' id='word_1_291' title='bbox 448 4001 499 4056; x_wconf 92' lang='lat' dir='ltr'>hoc</span> <span class='ocrx_word' id='word_1_292' title='bbox 516 4002 575 4056; x_wconf 83' lang='lat' dir='ltr'>loco</span> <span class='ocrx_word' id='word_1_293' title='bbox 594 4001 735 4070; x_wconf 84' lang='lat' dir='ltr'>genuinam</span> <span class='ocrx_word' id='word_1_294' title='bbox 755 4018 813 4056; x_wconf 85' lang='lat' dir='ltr'>esse</span> <span class='ocrx_word' id='word_1_295' title='bbox 836 4001 1033 4055; x_wconf 86' lang='lat' dir='ltr'>demonstratur</span> <span class='ocrx_word' id='word_1_296' title='bbox 1056 4016 1185 4055; x_wconf 88' lang='lat' dir='ltr'>consensu</span> <span class='ocrx_word' id='word_1_297' title='bbox 1205 4017 1249 4056; x_wconf 81' lang='lat' dir='ltr'>oo-</span> 
     </span>
     <span class='ocr_line' id='line_1_36' title="bbox 119 4085 1172 4160; baseline 0.002 -20"><span class='ocrx_word' id='word_1_298' title='bbox 119 4085 186 4141; x_wconf 89' lang='lat' dir='ltr'>dicis</span> <span class='ocrx_word' id='word_1_299' title='bbox 205 4088 228 4142; x_wconf 90' lang='grc' dir='ltr'><strong>Β</strong></span> <span class='ocrx_word' id='word_1_300' title='bbox 248 4093 275 4143; x_wconf 88' lang='lat' dir='ltr'>et</span> <span class='ocrx_word' id='word_1_301' title='bbox 293 4088 418 4144; x_wconf 86' lang='lat' dir='ltr'>editionis</span> <span class='ocrx_word' id='word_1_302' title='bbox 438 4090 464 4160; x_wconf 87' lang='grc' dir='ltr'>ψ,</span> <span class='ocrx_word' id='word_1_303' title='bbox 484 4089 516 4144; x_wconf 83' lang='grc'>(15</span> <span class='ocrx_word' id='word_1_304' title='bbox 535 4090 631 4159; x_wconf 89' lang='lat' dir='ltr'>quibus</span> <span class='ocrx_word' id='word_1_305' title='bbox 650 4089 770 4143; x_wconf 84' lang='lat' dir='ltr'>conferas</span> <span class='ocrx_word' id='word_1_306' title='bbox 788 4089 869 4143; x_wconf 90' lang='lat' dir='ltr'>uelim</span> <span class='ocrx_word' id='word_1_307' title='bbox 888 4090 957 4143; x_wconf 84' lang='lat' dir='ltr'>inire</span> <span class='ocrx_word' id='word_1_308' title='bbox 975 4107 1000 4160; x_wconf 89' lang='lat' dir='ltr'>p.</span> <span class='ocrx_word' id='word_1_309' title='bbox 1020 4089 1114 4144; x_wconf 79' lang='lat' dir='ltr'>LXXV</span> <span class='ocrx_word' id='word_1_310' title='bbox 1134 4107 1172 4158; x_wconf 85' lang='lat' dir='ltr'>sq.</span> 
     </span>
    </p>
   </div>
   <div class='ocr_carea' id='block_1_9' title="bbox 0 0 1456 4672">
    <p class='ocr_par' dir='ltr' id='par_1_11' title="bbox 0 0 1456 4672">
     <span class='ocr_line' id='line_1_37' title="bbox 0 0 1456 4672; baseline 0 2"><span class='ocrx_word' id='word_1_311' title='bbox 0 0 1456 4672; x_wconf 95' lang='lat' dir='ltr'> </span> 
     </span>
    </p>
   </div>
  </div>
 </body>
</html>
