2904 4672
147 243 211 306 272
410 237 506 307 Uigilii
523 239 699 292 oonstttutum
719 239 750 291 de
769 238 856 292 tribus
875 238 1000 308 capitulis

147 436 305 497 asseratur
332 432 471 499 effeetus.
501 433 555 514 qui
583 451 656 516 ergo
684 432 760 497 haee
786 433 832 496 ita
859 432 941 514 sapit
969 433 1061 498 docet
1094 432 1195 498 eredit
1225 437 1275 498 aut

146 539 315 622 praedicat,
339 538 503 604 anathema
526 539 577 602 sit.

60 731 124 796 154
571 733 732 807 Capitulum
750 734 854 794 XLIII.

190 842 264 899 Deo
292 842 415 898 sutem
442 839 598 914 gratiae,
628 839 691 913 qui
717 839 825 898 nobis
854 839 959 898 dedit
985 839 1192 899 uictoriam
1213 857 1275 914 per

148 928 328 988 dominum
352 930 518 987 nostrum
541 929 663 986 Iesum
687 928 894 987 Christum:
913 928 1032 987 istomm
1051 945 1169 987 causam
1188 929 1273 988 fuisse
1299 937 1309 978 t

146 1017 230 1079 nobis
253 1017 353 1076 dicens
377 1017 470 1088 deum,
494 1016 543 1091 qui
567 1019 666 1076 contra
688 1034 785 1076 omnes
808 1017 988 1076 aduersarios
1011 1017 1096 1076 nobis
1120 1018 1200 1077 dedit
1215 1018 1273 1076 uio·

147 1104 247 1164 teriam
281 1105 343 1164 siue
370 1105 470 1164 mortis
497 1106 557 1163 siue
584 1105 696 1179 peooati
723 1105 784 1164 siue
808 1105 1012 1179 cuiuscumque
1039 1105 1108 1166 hine
1140 1106 1274 1166 nascendi

146 1194 224 1265 mali,
249 1193 299 1268 qui
326 1194 471 1253 dominum
497 1196 626 1253 nostrum
653 1195 749 1252 Iesum
777 1194 921 1252 Christum
946 1211 997 1268 pro
1025 1195 1111 1254 nobis
1133 1195 1274 1254 hominem

147 1300 263 1341 sumens
287 1284 316 1340 et
337 1282 432 1356 ipsum
449 1300 500 1356 per
518 1282 752 1342 resurrectionem
772 1284 806 1341 de
825 1283 943 1342 mortuis
962 1285 999 1342 ari
1016 1283 1164 1343 meliorem
1182 1286 1274 1343 trans

146 1371 214 1429 tulit
243 1371 331 1429 finem
358 1373 387 1430 ot
407 1371 438 1430 in
466 1372 581 1430 dextera
608 1388 661 1429 sua
687 1372 786 1429 sedere
813 1370 883 1429 feeit
909 1375 937 1431 et
965 1372 1049 1431 nobis
1076 1374 1114 1431 od
1137 1384 1203 1431 erun
1225 1373 1273 1431 do·
1289 1380 1309 1418 ¹⁰

147 1460 230 1518 nauit
252 1460 488 1520 communionem.

60 1580 123 1644 155
189 1578 225 1642 In
253 1591 348 1661 supra
380 1578 497 1659 seripto
531 1576 771 1661 quadragesimo
803 1579 896 1643 tertio
929 1580 1065 1661 capitulo
1098 1581 1274 1661 exponendo

146 1685 243 1749 uerba
270 1684 404 1766 apostoli
429 1684 537 1761 Pauli,
570 1684 684 1767 quibus
718 1684 808 1749 dicit:
842 1685 910 1750 deo
943 1689 1070 1751 autem
1104 1686 1274 1770 gratias,

147 1789 215 1871 qui
243 1788 356 1854 dedit
382 1789 496 1853 nobis
523 1789 738 1854 uictoriam
766 1810 833 1872 per
865 1789 1063 1857 dominum
1096 1794 1275 1856 nostrum

145 1894 279 1959 Iesum
298 1893 521 1970 Christum,
541 1898 614 1977 post
631 1895 721 1978 plura
735 1895 937 1980 subiungitur
948 1897 1120 1961 ‘dominum
1134 1900 1275 1962 nostrum
1291 1908 1312 1949 ¹⁵

145 2000 251 2065 Iesum
279 1998 439 2065 Christum
467 2019 522 2083 pro
550 2001 640 2066 nobis
673 2001 833 2068 hominem
864 2020 992 2066 sumens
1024 2005 1056 2067 et
1086 2002 1194 2087 ipsum
1223 2020 1277 2086 per

145 2106 402 2171 resurrectionem
432 2106 469 2170 (le
496 2105 629 2172 mortuis
652 2105 691 2170 ad
713 2107 875 2172 meliorem
896 2107 1059 2172 transtulit
1079 2107 1201 2172 finem':
1223 2127 1278 2191 per

147 2230 225 2295 quae
264 2212 329 2277 iam
369 2212 459 2296 quasi
499 2212 633 2277 existens
673 2213 765 2278 homo
802 2233 821 2276 a
856 2212 913 2277 deo
950 2214 1045 2278 uerbo
1082 2212 1277 2298 significatur

146 2316 344 2401 adsumptus,
368 2321 406 2382 ut
427 2317 488 2383 duo
511 2317 612 2383 tuisse
630 2317 797 2383 uideantur
814 2321 848 2383 et
865 2319 944 2384 alter
961 2318 1051 2383 alteri
1068 2319 1275 2402 praestitisse.

147 2425 230 2507 quod
257 2424 383 2508 quiite
410 2424 494 2507 sapit
520 2423 611 2490 docet
638 2424 737 2490 eredit
762 2427 818 2490 aut
844 2425 1010 2507 praedicat,
1034 2425 1203 2490 anathema
1224 2425 1275 2491 sit
1289 2437 1312 2477 ¹⁰

60 2619 123 2685 156
562 2619 723 2694 Capitulum
745 2620 865 2679 XLIIII.

192 2726 262 2785 Cum
285 2743 354 2800 ergo
377 2726 563 2800 interrogent,
586 2725 710 2785 hominis
732 2725 864 2801 genetrix
887 2728 937 2784 aut
960 2724 1006 2784 dei
1028 2725 1157 2800 genetrix
1174 2726 1275 2796 Maria,

147 2813 260 2872 dicatur
282 2831 300 2872 s
321 2815 419 2874 nobis:
443 2816 574 2889 utraque,
598 2831 686 2874 unum
709 2813 823 2888 quium
845 2816 949 2873 natura
966 2812 1017 2885 rei,
1037 2814 1158 2873 alterum
1182 2817 1277 2875 tutem

216 2965 233 3018 3
256 2962 321 3034 Cap.
344 2963 433 3018 XLIII
455 2965 483 3018 in
505 2962 564 3019 Aet.
590 2964 652 3034 Syn.
677 2964 795 3034 pertinet
818 2963 903 3019 etiam
923 2963 958 3019 sd
983 2980 1040 3034 cap.
1062 2965 1107 3028 42,
1125 2963 1174 3018 sed
1198 2980 1276 3034 prse-

145 3055 207 3124 flgit
227 3055 263 3108 0.·
281 3053 329 3106 ‘Et
344 3058 407 3120 poet
424 3052 493 3106 otio'
582 3051 678 3108 4Cor.
696 3052 711 3106 I
730 3053 771 3116 15,
790 3052 824 3106 57
908 3049 1275 3123 aicapxnmr=10a

146 3142 209 3212 Syn.
230 3141 278 3195 43:
303 3130 442 3195 ‘Eiusdem
463 3143 514 3207 (se.
538 3138 681 3204 Theodori)
704 3155 738 3194 aa·
759 3139 829 3194 tetro
849 3138 1006 3194 medeam
1025 3138 1276 3195 dedecorantem·

145 3227 271 3298 praefigit
299 3228 328 3290 C,
356 3226 386 3279 ts
411 3233 456 3280 τοῦ
485 3223 519 3280 ω’
540 3226 618 3298 λόγου
645 3228 784 3291 Leontius,
812 3228 858 3297 qui
890 3227 1010 3282 seruauit
1042 3227 1156 3282 Greeoa:
1200 3223 1275 3288 Ὅταν

144 3313 229 3368 τοίνυν
247 3313 385 3386 ἐρωτῶσιν,
403 3312 639 3386 ἀνθρωποτόκοςῆ
661 3313 825 3387 θεοτόκοςὴ
849 3312 944 3385 Μαρία,
969 3312 1087 3386 λεγέσθω
1113 3310 1175 3388 παρ’
1198 3315 1275 3388 ’ἡμῶν

145 3401 285 3473 ἀμφότερα·
317 3401 346 3453 τὸ
381 3397 427 3471 μὲν
457 3401 507 3471 γὰρ
537 3406 569 3470 τῇ
600 3400 675 3472 pober
705 3408 751 3454 τοῦ
781 3403 937 3474 πράγματος,
963 3402 992 3454 τὸ
1024 3400 1052 3454 δὲ
1083 3407 1116 3472 τῇ
1149 3402 1275 3475 ἀναφορᾷ

145 3487 346 3559 anapaestum<
369 3489 414 3559 ptr
436 3489 486 3559 γὰρ
508 3493 540 3558 τῇ
564 3487 646 3559 φύσει,
664 3487 765 3561 instato
788 3488 928 3566 ἄνθρωπος
945 3485 978 3560 ἢν
997 3489 1056 3549 δήέν
1075 3497 1107 3561 τῇ
1126 3490 1212 3560 κοιλίᾳ
1229 3483 1276 3560 τῆς

145 3572 256 3644 Μαρίας,
275 3574 311 3640 ὧς
331 3571 371 3644 (ὃς
388 3576 458 3644 legit
470 3577 611 3644 interpres)
630 3575 674 3628 καὶ
690 3575 822 3647 προῆλθον
845 3575 955 3629 ἐκεῖθεν·
972 3576 1098 3640 Caesam<
1122 3576 1158 3641 δί,
1177 3576 1276 3648 ἐπείπερ

144 3663 211 3724 θεὸς
231 3657 265 3734 ἦν
288 3660 315 3716 ίν
340 3666 377 3736 τῷ
399 3662 519 3735 τεχθέντι
542 3660 673 3734 ἀνθρώπῳ
696 3662 743 3715 οὖν
765 3661 792 3714 ἐν
816 3661 885 3735 αίτῷ
907 3662 1127 3735 ποριγραφόμονος
1144 3666 1213 3717 κατὰ
1229 3665 1275 3736 τὴν

146 3748 230 3822 posse,
248 3748 275 3803 to
294 3749 364 3823 αότῷ
383 3748 410 3802 It
429 3748 466 3802 ὢν
484 3751 551 3803 κατὰ
568 3750 616 3822 τὴν
634 3749 722 3820 σχίσιν
740 3757 788 3821 τῆς
805 3749 912 3821 γνώμης
931 3750 1108 3821 (scriptitat.
1126 3768 1198 3807 noua
1216 3751 1274 3807 coll

145 3837 185 3898 VI
201 3839 263 3903 309,
282 3839 335 3906 28).

182 3944 311 3997 Imortis
329 3946 386 3999 siue
402 3947 438 4001 C:
455 3947 549 4003 ntortis
568 3962 615 4018 sue
633 3947 660 4001 V
693 3948 726 4003 13
740 3955 805 4018 poet
822 3949 920 4020 quibus
937 3958 1041 4005 rosum
1053 3948 1110 4016 sere
1124 3951 1143 4002 7
1156 3945 1277 4002 terent

148 4031 182 4085 14
194 4031 276 4086 -nobit
297 4032 324 4086 V
393 4034 425 4089 15
444 4035 618 4106 subiuugItur
635 4036 757 4091 dominus
775 4042 866 4093 noster
882 4037 958 4092 Iesus
976 4035 1099 4092 Christus
1122 4035 1153 4100 V,
1172 4034 1275 4090 eonem

148 4117 181 4172 18
199 4119 266 4173 adeo
289 4119 322 4185 V,
340 4136 442 4175 corne
495 4122 739 4194 23rei0:oiV
