2904 4672
609 253 693 323 apra.
711 252 810 310 noun
828 253 939 311 13-16.
1271 255 1335 318 407

209 450 430 530 peccatum.
459 447 552 513 item:
581 447 842 513 condelector
868 448 969 512 enim
996 447 1079 531 legi
1107 445 1170 511 dei
1202 451 1335 511 seeun-

210 554 299 620 dum
344 553 582 618 interiorem
626 554 840 633 hominem,
886 553 1003 621 uideo
1045 556 1174 617 autem
1216 551 1334 616 aliam

209 658 339 742 legem
366 658 404 722 iu
431 658 618 723 membris
646 659 744 724 meis
771 661 1061 742 repugnantem
1082 657 1165 742 legi
1187 657 1333 722 mentis

210 783 317 830 meae
347 783 391 829 99
420 765 625 847 captiuum
652 784 709 829 me
737 764 946 829 dueentem
973 764 1011 827 in
1038 764 1127 846 lege
1158 763 1332 845 peccati,

177 889 309 952 aquae
337 873 399 934 est
425 869 462 933 in
490 870 676 934 membris
704 870 812 935 meis.
833 870 961 956 miser
987 888 1057 953 ego
1085 862 1341 950 1999999919Ι

208 993 265 1038 me
291 975 493 1040 liberabit
521 975 565 1039 (19
593 993 758 1057 oorpore
781 976 922 1040 mortis
945 975 1089 1039 huius?
1113 973 1246 1058 gratia
1269 973 1333 1037 (191

207 1099 275 1163 per
310 1081 443 1146 lesum
480 1081 684 1147 Christum
716 1081 917 1146 dominum
947 1084 1140 1148 nostrum.
1173 1098 1268 1162 quare
1300 1079 1384 1144 9915

206 1185 305 1270 igitur
326 1188 474 1251 miserum
497 1187 654 1253 hominem
677 1189 823 1270 appellat,
849 1206 942 1270 quare
961 1207 994 1252 se
1012 1186 1128 1271 gaudet
1144 1205 1199 1268 per
1217 1183 1333 1250 Christi

207 1292 340 1375 gratiam
359 1293 396 1357 (19
415 1294 524 1358 mortis
544 1313 671 1376 oorpore
688 1293 823 1372 liberari,
843 1294 870 1358 si
887 1293 983 1358 nullis
1002 1292 1164 1358 affectibus
1179 1292 1332 1355 humanae

162 1423 190 1463 99
206 1389 351 1463 miseriae
377 1400 572 1482 pulsabatur,
601 1399 628 1464 si
653 1399 751 1463 nullis
778 1399 994 1478 infestabatur,
1023 1419 1058 1463 99
1087 1398 1200 1481 quibus
1222 1397 1331 1461 libera·

205 1506 300 1581 retur,
319 1505 519 1570 incursibus?
538 1505 613 1570 item
632 1506 733 1569 idern:
753 1524 842 1570 9999
862 1504 1118 1586 concupisoit
1136 1503 1330 1568 aduersus

206 1609 397 1691 spiritum
425 1615 464 1674 et
492 1612 665 1694 spiritns
695 1611 891 1676 aduersus
915 1628 1086 1689 oa1·nem;
1109 1611 1203 1673 haeo
1227 1606 1331 1672 enim

204 1714 381 1779 inuioem
418 1717 686 1782 aduersantur
722 1717 900 1792 sibi„ut
929 1736 1019 1794 non,
1051 1734 1149 1798 quae
1181 1713 1328 1792 uultis,

203 1818 279 1884 illa
305 1821 487 1899 latiatim
517 1843 577 1887 999
601 1823 692 1897 enim,
717 1842 796 1905 quae
819 1823 899 1900 uult,
924 1822 1052 1904 spiritus
1075 1820 1206 1902 perficit,
1229 1839 1267 1885 ne
1291 1818 1328 1883 de

159 1952 186 1994 1⁵
203 1926 392 2007 perfectione
420 1929 589 2009 superbiat.
619 1929 770 1992 etitem:
797 1946 868 1992 non
899 1926 1060 2009 perfioit
1091 1944 1197 2004 earo,
1230 1943 1328 2006 quae

202 2032 309 2110 uult,
332 2035 369 2096 nt
392 2033 437 2097 sie
460 2034 613 2098 humanae
637 2034 823 2098 conditionis
843 2033 1015 2112 admoneat,
1034 2034 1193 2097 notamen
1214 2048 1327 2111 usque-

203 2156 326 2219 quaque
348 2139 543 2221 propositum
567 2139 658 2203 fidele
682 2139 850 2222 demergat.

244 2242 290 2306 Ao
313 2263 350 2307 99
372 2243 512 2321 forsitan,
531 2248 568 2308 nt
586 2245 688 2308 solent
705 2245 832 2326 quidam
849 2244 938 2309 uanis
958 2243 1155 2326 opinionibus
1174 2239 1326 2318 arbitrari,
1338 2247 1378 2311 16

201 2348 284 2429 quod
311 2349 387 2413 haee
414 2350 525 2415 beatus
549 2350 709 2433 apostolus
732 2350 850 2414 Paulus
874 2350 932 2414 sub
956 2349 1084 2414 alterius
1107 2347 1212 2411 999919
1236 2344 1326 2409 99199

155 2484 183 2523 ao
201 2472 333 2535 persona
359 2456 539 2538 pronuntiet
565 2475 659 2538 quam
686 2456 725 2520 (19
753 2474 786 2520 99
814 2455 882 2537 ipso
909 2456 1054 2532 fateatur,
1082 2454 1225 2536 quamuis
1247 2450 1326 2516 nihil

199 2558 266 2624 illio
292 2561 356 2625 tale
384 2561 489 2626 ualeat
516 2581 643 2643 prorsus
672 2561 795 2626 ostendi
818 2564 911 2643 atque
935 2579 1005 2625 oum
1029 2560 1088 2625 ait:
1111 2559 1231 2624 miser
1254 2578 1323 2643 ego

201 2665 330 2744 homo,
355 2667 445 2748 quis
468 2687 525 2731 me
543 2667 740 2731 liberabit
759 2667 803 2731 de
823 2685 989 2748 corpore
1008 2665 1172 2730 mortis?
1192 2666 1324 2748 gratia

200 2771 262 2836 dei
298 2791 365 2852 per·
402 2772 533 2836 lesum
572 2771 791 2850 Christum,
828 2775 892 2836 tam
928 2771 1055 2855 gentilis
1092 2791 1185 2853 quam
1216 2770 1324 2835 Iudaei

197 2881 317 2941 remota
348 2878 496 2959 probetur
527 2898 595 2943 esse
626 2898 767 2961 persona,
802 2879 966 2943 audiamus
997 2882 1103 2942 tamen
1134 2880 1215 2942 huno
1247 2877 1323 2941 alibi

153 3012 180 3052 as
198 2984 287 3064 quasi
302 3003 370 3047 9999
387 3003 479 3049 manu
494 2985 617 3067 propria
632 2985 845 3068 designantem
860 3004 894 3049 99
910 2988 1010 3049 semet
1023 2984 1128 3067 ipsum
1148 2982 1323 3066 specialiter

198 3087 403 3153 indicantem:
437 3108 508 3174 ego
541 3091 628 3172 ipse
660 3093 788 3155 mente
821 3093 955 3155 seruio
987 3090 1070 3173 legi
1098 3089 1321 3167 dei,.oarne

279 3371 298 3434 Ι1
318 3382 394 3435 Rom.
414 3383 438 3446 7,
457 3383 561 3437 22-25
629 3384 658 3437 ll
680 3383 782 3448 (1915,
804 3385 834 3438 17
904 3386 935 3438 15
954 3384 1028 3438 Rom.
1048 3385 1073 3448 7,
1093 3384 1125 3437 15
1192 3383 1224 3438 21
1244 3382 1318 3437 Rom.

197 3469 331 3539 11499.
386 3471 420 3524 26
439 3471 515 3525 Rom.
536 3473 611 3538 7,25

230 3691 430 3760 tropugnante
457 3690 488 3756 V,
512 3707 578 3746 corr.
602 3712 615 3745 o
731 3695 747 3748 9
770 3694 859 3748 991199
888 3695 919 3757 V,
942 3710 1009 3748 corr.
1034 3714 1047 3747 o
1168 3696 1198 3749 11
1224 3695 1318 3750 91999-

194 3795 253 3832 9999
276 3777 307 3842 V,
327 3794 394 3832 corr.
412 3778 469 3833 cod.
487 3779 608 3849 Ampelio.
629 3781 710 3834 199919
737 3781 883 3852 Vulyatom
976 3783 1009 3836 16
1031 3799 1079 3836 999
1103 3784 1318 3849 (999911119191,

194 3873 288 3920 temera
375 3866 408 3920 18
438 3883 469 3921 ao
497 3883 530 3921 ne
557 3867 681 3939 forsitan]
714 3887 747 3924 99
777 3887 806 3925 eo
838 3871 912 3938 quod
936 3871 1057 3940 sequitur
1083 3872 1207 3925 arbitrari
1223 3872 1319 3940 supple

194 3955 330 4018 arbitreris
393 3955 425 4008 21
446 3959 527 4024 atque
544 3957 653 4024 99919919
672 3961 761 4011 tamen
784 3958 816 4020 V,
834 3959 874 4011 ita
892 3962 923 4012 ut
944 3959 1022 4013 Thiel
1086 3960 1120 4013 22
1138 3959 1263 4013 liberauit
1286 3959 1317 4024 V,

194 4058 296 4112 corae
393 4043 486 4096 mortis
500 4043 707 4116 <huius>Labb
725 4046 871 4101 9999991999
893 4046 1040 4116 7919919999
1146 4047 1180 4101 25
1198 4062 1257 4101 9999
1276 4044 1315 4102 o²:

193 4146 251 4183 9999
274 4131 297 4183 V
