2904 4672
170 273 234 336 352
497 267 615 338 Uigilius
633 283 704 338 papa
720 267 871 322 Iustiniano
891 269 958 337 hug.

170 456 422 540 praecedentium
454 455 642 539 synodorum
674 456 727 520 uel
759 475 853 539 supra
884 457 1069 541 scriptorum
1103 460 1293 542 apostolicae

171 564 255 630 sedis
282 562 465 645 pontificum
493 563 689 644 susceperint
716 562 897 640 oonst‘tuta,
924 564 1132 646 paenitentiae
1161 568 1194 630 et
1216 585 1296 633 oom-

119 670 326 737 llmunionis
358 668 477 734 aditum
508 687 693 734 reseremus.
726 669 782 732 sed
814 670 888 751 quia
917 671 1064 737 nouimus
1090 673 1199 753 potius
1225 675 1295 755 plus

170 777 253 854 illos,
277 775 330 859 qui
353 775 541 839 haereticam
563 774 722 857 perfidiam
746 774 922 853 destruunt,
942 776 1001 841 sibi
1020 778 1123 862 magis
1141 782 1297 862 praestare

172 882 339 947 errantium
353 881 481 945 uitando
496 881 685 945 consortium
702 900 796 962 quam
814 882 986 946 sententiae
1004 883 1298 967 suprascriptorum
1324 905 1336 947 c

170 990 295 1071 patrum
330 987 548 1070 multipliciter
582 987 734 1053 solidatae
772 987 890 1070 aliquid
923 987 1085 1054 firmitatis
1121 989 1297 1074 adiungere,

173 1114 266 1177 quam
294 1097 418 1160 constat
444 1094 510 1159 suis
538 1093 712 1160 indubitate
740 1094 861 1159 uiribus
886 1095 942 1160 deo
966 1103 1094 1162 anctore
1116 1096 1298 1174 subsistere,

172 1201 242 1267 ideo
282 1201 432 1265 hacteuus
472 1203 632 1281 tamquam
673 1220 733 1265 non
773 1201 896 1265 nouiter
934 1201 1029 1266 latam
1070 1201 1299 1267 damnationem

174 1306 301 1370 minime
328 1306 468 1370 arbitrati
496 1323 605 1371 sumus
634 1325 714 1371 nouo
748 1307 853 1389 aliquo
885 1306 1023 1391 indigere
1055 1325 1215 1390 responso.
1249 1316 1301 1389 qni

175 1412 257 1476 enim
279 1411 454 1488 haeresum,
478 1431 555 1495 quas
579 1431 673 1494 supra
694 1413 904 1491 meminimus,
927 1412 979 1478 uel
1002 1413 1140 1479 omnium
1160 1414 1299 1491 aliarum
1315 1437 1338 1478 rc

176 1536 255 1600 quae
286 1518 459 1600 apostolica
489 1521 564 1582 sunt
594 1518 773 1585 delinitione
806 1521 838 1585 et
869 1519 1092 1585 constitutione
1130 1502 1300 1597 damnatae,

175 1624 292 1689 ineunt
318 1628 489 1690 sectatores
515 1626 647 1702 inuenti,
675 1644 736 1691 non
763 1629 886 1692 tantum
915 1646 950 1691 ex
977 1646 1060 1692 noua
1085 1627 1157 1711 lege
1185 1625 1243 1691 sed
1268 1643 1302 1690 ex

175 1732 245 1814 ipsa
272 1733 432 1796 auctorum
461 1750 589 1797 suorum
615 1732 678 1797 iarn
701 1733 820 1815 pridem
843 1733 1039 1798 damnatione
1061 1733 1198 1815 perculsi
1220 1735 1302 1797 sunt.

124 1840 210 1904 laet
234 1836 311 1902 licet
331 1837 481 1920 pietatem
504 1842 642 1904 uestram
665 1839 755 1904 aliter
778 1838 815 1903 de
837 1839 1050 1904 taciturnitate
1073 1841 1180 1903 nostra
1204 1838 1303 1920 suspi-

178 1942 241 2008 cari
272 1943 324 2007 nol
354 1942 537 2026 intellegere
565 1945 702 2008 noluerit
728 1944 891 2030 malignus
913 1946 1075 2027 interpres,
1103 1962 1160 2008 uos
1189 1946 1302 2021 tamen,
1319 1967 1341 2008 rr

178 2067 256 2131 quos
275 2049 386 2113 beatus
400 2050 513 2114 Petrus
529 2051 699 2133 apostolus·
710 2050 806 2114 omni
823 2050 994 2133 poscenti
1012 2050 1164 2116 rationem
1178 2048 1304 2114 reddere

178 2155 230 2236 pia
255 2154 422 2219 traditione
449 2155 621 2233 constituit,
648 2155 764 2220 libente
797 2154 898 2220 animo
931 2155 1149 2221 christianitati
1182 2156 1304 2220 uestrae

180 2259 433 2325 satisfaciendum
475 2279 544 2325 esse
584 2262 797 2343 perspeximus
837 2261 1020 2344 suppliciter
1059 2261 1230 2342 sperantes,
1270 2261 1305 2323 ut

180 2365 296 2429 nullius
316 2366 517 2449 subripientis
536 2367 659 2432 insidiis
677 2367 845 2450 priuilegia
862 2367 946 2432 sodis
964 2366 1049 2432 beati
1066 2365 1152 2431 Petri
1171 2364 1304 2447 apostoli

182 2470 458 2537 christianissimis
498 2472 692 2554 temporibus
733 2473 849 2538 uestris
889 2473 921 2537 in
967 2472 1071 2555 aliquo
1115 2471 1304 2553 permittatis
1320 2495 1356 2538 ro

168 2577 336 2671 imminui,
360 2598 438 2661 quae
462 2579 490 2644 si
512 2579 687 2658 turbentur,
711 2579 796 2662 quod
817 2598 877 2644 non
901 2578 1066 2656 credimus,
1090 2579 1146 2643 aut
1167 2575 1305 2641 minuan-

181 2685 234 2748 tur
259 2683 291 2747 in
319 2683 434 2767 aliquo,
458 2685 595 2750 uiolatae
618 2684 691 2750 fidei
713 2685 812 2751 instar
834 2684 1012 2750 ostendunt.
1037 2684 1098 2748 scit
1120 2683 1203 2748 enim
1227 2681 1306 2764 sapi-

184 2787 284 2853 entiae
310 2792 433 2854 uestrae
460 2790 561 2872 pietas
589 2790 755 2875 singularis
782 2790 869 2855 illam
896 2809 930 2855 se
957 2790 1175 2855 auctoritatem
1206 2788 1306 2872 ipsius

182 2894 266 2959 beati
294 2896 429 2978 apostoli
455 2897 659 2962 retributione
686 2897 786 2969 modis
815 2896 959 2961 omnibns
992 2895 1182 2969 merituram,
1215 2911 1307 2975 qnam

184 3001 237 3065 uel
263 2999 295 3064 in
321 3001 407 3066 illius
435 3002 610 3087 priuilegiis
637 3005 690 3068 nel
716 3005 747 3068 in
776 3005 883 3068 nostra
904 3001 1034 3066 humilis
1057 3001 1155 3067 nestri
1180 3001 1309 3073 (serui)
1323 3026 1346 3069 a

131 3107 386 3185 ¹13seruaueritis
409 3108 466 3176 deo
489 3097 581 3173 uobis
613 3109 768 3192 aspirante
799 3127 939 3191 persona.
1013 3109 1117 3172 tamen
1139 3109 1177 3170 ut
1200 3107 1310 3171 cuncta

185 3211 335 3294 pietatem
367 3216 505 3278 nestram
535 3214 703 3279 informent
734 3217 766 3279 ct
796 3213 874 3278 nihil
905 3231 960 3295 pro
988 3211 1093 3277 callidi
1119 3210 1308 3277 insidiatoris

187 3317 304 3381 astutia
334 3318 466 3384 ulterius
499 3303 693 3401 relinquatur
724 3320 917 3404 ambiguum,
948 3319 1057 3384 beatae
1088 3316 1309 3383 recordationis

186 3422 415 3505 prodecessoris
443 3425 542 3490 nostri
567 3445 665 3508 papae
692 3427 805 3490 Leonis
833 3444 911 3508 quae
935 3423 1068 3490 diuersis
1092 3423 1131 3489 ad
1154 3423 1309 3489 Orientem

159 3608 161 3613 ’
277 3613 310 3667 16
327 3613 398 3666 Petr.
417 3614 430 3667 1
449 3614 473 3676 3,
496 3613 527 3667 15

223 3718 377 3789 theretica
399 3718 430 3782 V,
450 3734 517 3772 corr.
539 3739 552 3770 o
597 3719 630 3772 10
650 3735 714 3788 quas
737 3718 774 3773 V:
793 3735 871 3788 quam
890 3739 914 3782 α,
933 3719 1006 3773 uude
1024 3735 1134 3788 quarum
1153 3717 1180 3771 ο2
1229 3718 1261 3772 17
1279 3717 1309 3771 Ιί-

186 3805 296 3859 bentio
349 3799 384 3859 22
403 3804 546 3858 ostendant
564 3805 597 3869 0²,
617 3806 753 3859 offendant
770 3806 838 3859 Bar.
857 3807 888 3860 ia
905 3823 988 3876 marp.
1060 3807 1112 3859 scit
1132 3805 1211 3859 dan:
1228 3803 1311 3859 sidV

190 3894 224 3949 23
252 3892 435 3947 auctoritatem
451 3935 456 3946 .
474 3937 479 3949 .
494 3893 668 3947 retributione
695 3894 804 3963 ccupat:
832 3895 999 3948 auctoritatis
1015 3937 1021 3948 .
1038 3937 1043 3946 .
1058 3894 1260 3949 retributionem
1290 3891 1313 3946 V

191 3982 226 4035 24
241 3980 328 4034 modis
345 3983 376 4035 in
394 3987 519 4036 contextu
536 3983 662 4037 corissum
679 3983 711 4036 in
727 3999 812 4052 morp.
832 3982 896 4038 add.
920 3982 947 4034 V
1031 3983 1187 4036 meritorum
1209 3982 1239 4045 V,
1258 3997 1310 4036 cor·

187 4071 263 4123 reci:
280 4069 433 4123 meriturum
455 4070 517 4124 Car.
554 4072 588 4125 25
606 4070 701 4124 humili
719 4073 808 4124 uestra
825 4069 887 4124 Gar.
896 4090 906 4138 ,·
923 4087 968 4140 epo
987 4070 1090 4124 inserui
1109 4071 1180 4124 serui
1216 4071 1249 4138 26
1261 4085 1309 4122 ser·

191 4157 319 4215 baneritis
343 4157 368 4210 V
