2904 4672
211 278 280 344 462
357 271 479 328 Gelasium
495 269 518 326 Ι,
536 255 681 326 moenum
698 267 909 324 Andromachum
927 270 1020 324 contra
1036 268 1195 340 Lupercalia

213 488 269 534 cur
295 466 334 533 ad
360 466 437 531 uilia
464 483 605 548 quaeque
632 463 811 529 deducitis?
842 463 917 546 quid
942 461 1106 545 imputatis
1133 463 1237 541 nobis,
1266 482 1343 528 oum

161 571 203 637 26
212 575 275 657 ipsi
296 571 434 638 remedia
455 573 562 636 uestra
584 570 736 637 calcetis?
758 569 859 636 satius
877 573 927 636 est
944 576 977 634 et
994 589 1053 636 non
1070 572 1226 652 temptare
1246 589 1343 652 quam

215 677 441 746 contumeliose
462 695 620 761 peragere.
642 675 775 742 maiores
797 678 880 741 certe
902 676 1000 741 uestri
1023 676 1051 740 ei
1073 676 1199 751 uitiosa,
1218 680 1257 743 ut
1274 677 1342 742 illis

215 786 391 862 uidebatur,
423 801 546 849 sacmm
577 781 704 866 aliquod
740 782 958 860 celebrassent,
996 782 1231 849 instaurandum
1270 802 1362 871 esse*

217 893 389 958 ducebant:
417 909 473 955 cur
498 908 570 967 nou,
598 888 681 972 quod
708 888 747 953 ad
773 889 925 954 uitiosum
952 888 1073 953 cultum
1093 875 1264 974 redegistis
1286 909 1344 972 per
1372 907 1386 947 e

217 998 360 1083 indignas
379 1014 518 1080 quasque
535 995 569 1060 id
587 995 764 1078 exequendo
782 1013 941 1079 personae,
959 994 1148 1076 competenti
1160 994 1343 1060 instaurati-

219 1123 276 1170 one
304 1102 465 1184 reparatie,
488 1104 526 1166 ut
547 1119 658 1166 causas
682 1104 805 1167 uestrae
828 1100 940 1165 salutis
962 1100 1086 1182 plenius
1107 1101 1343 1184 perfectiusque

218 1209 384 1277 tractetis?
411 1227 546 1274 curuos
568 1207 685 1290 pudeat
707 1226 808 1293 agere,
831 1207 859 1272 si
881 1208 1018 1272 salutare
1041 1209 1114 1272 est?
1137 1207 1165 1271 si
1188 1206 1342 1283 diuinum,

168 1321 276 1386 27cur
305 1319 457 1380 tractasse
488 1315 531 1379 sit
562 1313 719 1379 dedecus?
752 1313 807 1379 sed
833 1314 937 1396 inquis
964 1314 1018 1378 uel
1043 1312 1214 1398 imaginem
1241 1313 1343 1397 ipsius

220 1422 266 1487 rei
287 1440 348 1487 aon
369 1421 481 1486 debere
503 1421 632 1486 moueri.
657 1421 685 1484 si
706 1420 843 1505 prodest,
867 1421 895 1485 si
918 1420 1053 1485 salutare
1077 1422 1135 1496 est,
1160 1437 1217 1484 cur
1238 1419 1343 1503 imago
1360 1437 1384 1477 ro

221 1527 327 1610 potius
359 1524 441 1608 apud
472 1544 530 1591 uos
562 1528 595 1590 et
625 1544 684 1591 noa
710 1525 780 1608 ipsa
805 1515 849 1590 sit
873 1525 1012 1590 uentae?
1039 1514 1094 1590 aut
1120 1525 1149 1590 ei
1175 1528 1260 1590 certe
1286 1543 1344 1595 nec

221 1636 297 1698 tunc
327 1631 454 1715 proluit,
486 1631 609 1714 quando
639 1631 702 1698 ritu
729 1631 861 1716 integro,
888 1631 971 1697 sicut
993 1630 1112 1709 dicitis,
1139 1631 1344 1704 tractabatur,

224 1737 299 1821 quid
334 1739 484 1821 quaeritis
520 1738 588 1803 aius
625 1737 803 1822 imaginem,
841 1737 930 1801 cuiue
967 1754 1024 1801 nec
1055 1736 1156 1820 ipsam
1187 1735 1345 1820 profuisse

173 1844 349 1914 28cemitis
378 1844 565 1910 ueritatem?
592 1843 648 1910 sed
676 1843 780 1908 dicitis
806 1846 856 1910 tot
882 1843 1016 1909 saeculis
1042 1862 1109 1909 rem
1136 1845 1261 1928 gestam
1283 1861 1344 1908 non

225 1954 366 2034 oportere
398 1949 528 2015 secludi.
560 1949 763 2014 nibilominus
795 1949 904 2014 multis
935 1949 1128 2033 temporibus
1155 1949 1346 2033 paganitatis
1363 1963 1386 2006 ιε

225 2055 409 2137 superstitio
435 2055 589 2120 uentilata
610 2058 668 2121 eet
692 2054 883 2130 sacrificetur
902 2055 934 2120 in
956 2055 1083 2137 templis
1106 2054 1293 2119 daemonum
1317 2056 1348 2120 et

226 2161 257 2226 in
282 2159 436 2243 Capitolio
458 2161 592 2244 profana
608 2160 733 2226 uanitae
753 2160 947 2226 celebraturi
969 2177 1026 2224 cur
1045 2160 1220 2242 portionem
1243 2159 1347 2225 delen-

226 2267 303 2332 ditis
334 2270 376 2342 et,
409 2285 487 2349 quae
518 2267 636 2332 maiora
666 2270 750 2346 eunt,
781 2266 979 2349 praeteritis?
1009 2265 1037 2331 ei
1067 2265 1202 2348 plurima
1234 2285 1348 2350 genere

227 2372 404 2437 uanitatum
431 2372 540 2438 multis
567 2375 637 2437 acta
663 2371 796 2438 saeculis
823 2372 993 2454 probantur
1023 2390 1093 2436 esee
1124 2371 1260 2449 sublata,
1292 2389 1348 2435 cur

228 2477 330 2559 portio
362 2476 527 2560 quantouis
557 2480 698 2559 tempore
729 2476 881 2541 uentilata
916 2494 977 2541 non
1011 2475 1114 2560 possit
1147 2474 1285 2543 auferri?
1321 2475 1348 2539 si
1364 2495 1388 2535 ro

228 2583 422 2667 temporibus
439 2582 668 2666 praescribitur,
686 2582 839 2664 imputate
862 2583 1031 2648 maioribus
1053 2582 1181 2660 uestris,
1203 2583 1348 2665 quicum

229 2690 288 2755 hac
314 2688 464 2771 temporis
490 2688 732 2771 praescriptione
759 2707 819 2754 uon
841 2689 892 2753 usi
915 2690 988 2766 sint,
1009 2707 1113 2771 posse,
1136 2688 1221 2770 quod
1244 2704 1348 2771 super·

111 2786 113 2790 ’
228 2795 327 2861 fluum
352 2796 412 2872 eet,
435 2796 467 2859 et
489 2793 599 2860 debere
621 2794 784 2872 remoueri,
808 2793 882 2858 dum
903 2795 994 2877 plura
1015 2797 1048 2859 et
1069 2793 1186 2858 maiora
1204 2793 1351 2858 submota

178 2910 219 2974 29
231 2903 315 2978 sunt,
333 2899 518 2965 indicarunt
565 2899 619 2964 sed
639 2898 716 2965 dicis
735 2900 831 2964 etiam
849 2899 1033 2966 Christianis
1055 2899 1252 2982 temporibus
1274 2900 1350 2964 baec

231 3006 339 3072 fuisse.
354 3005 410 3072 sed
424 3006 516 3071 etiam
531 3006 588 3071 illa
600 3005 793 3088 aliquamdiu
811 3004 996 3080 Christianis
1014 3023 1138 3089 quoque
1156 3005 1351 3088 temporibus
1366 3020 1389 3060 s

232 3114 387 3179 celebrata
422 3115 505 3177 sunt.
540 3110 775 3193 numquidnam,
813 3111 887 3194 quia
922 3111 980 3176 sub
1012 3110 1122 3195 primis
1152 3111 1351 3193 praesulibus

233 3215 424 3283 Christianae
446 3217 608 3303 religionis
631 3217 735 3282 ablata
756 3236 816 3282 non
835 3220 919 3293 suut,
936 3216 1006 3283 ideo
1026 3217 1084 3282 sub
1104 3235 1212 3282 eorum
1232 3235 1353 3283 succes·

233 3322 355 3387 sonibus
387 3323 457 3388 tolli
489 3323 616 3388 minime
648 3322 842 3388 debuerunt?
873 3318 1083 3401 multarunt,
1112 3342 1192 3406 quae
1219 3322 1353 3407 singulis

233 3427 431 3512 pontificibus
460 3427 584 3493 diuerso
611 3431 751 3512 tempore
778 3428 902 3494 sublata
928 3432 1003 3494 eunt
1029 3429 1119 3494 noxia
1144 3429 1197 3493 uel
1220 3429 1354 3502 abiecta3

234 3553 294 3599 non
322 3533 405 3598 enim
433 3533 531 3597 simul.
555 3552 662 3599 omues
690 3534 721 3599 in
745 3553 871 3618 corpore
894 3538 983 3599 curat
1004 3534 1158 3600 medicina
1178 3534 1356 3618 languores,
1371 3548 1393 3591 eo

249 3793 324 3848 >26
347 3796 375 3847 et
398 3796 451 3859 (est
473 3797 511 3861 et)
534 3793 566 3846 in
588 3801 616 3847 es
635 3795 663 3847 et
687 3794 732 3859 (=
756 3795 837 3858 esset)
866 3793 985 3847 mutauit
1007 3791 1044 3856 od,
1072 3794 1114 3846 est
1135 3792 1196 3863 (cel.
1225 3796 1265 3860 et)
1287 3793 1357 3847 Bar·

236 3882 253 3936 5
280 3880 315 3935 ad
334 3881 464 3935 ⁴uitiosum
487 3898 520 3936 cc
541 3881 684 3936 anitiosum
710 3881 760 3947 (cic
781 3886 809 3947 α)
833 3896 900 3935 ωη
925 3879 963 3934 0²:
987 3880 1131 3934 auitioeum
1158 3879 1186 3933 V
1272 3881 1288 3934 9
1316 3896 1360 3934 cur

235 3969 345 4038 acripao':
358 3969 428 4038 quod
441 3968 469 4022 V
501 3969 531 4029 11
542 3969 611 4038 fort.
624 3969 656 4022 tlt
692 3970 724 4023 12
737 3967 897 4024 tractabitur
909 3968 942 4033 V,
956 3984 1057 4022 ωηο
1093 3967 1238 4039 2211ch,
1257 3966 1361 4023 ωηο2

237 4058 471 4128 praescriptionem
493 4057 525 4123 V,
544 4073 645 4112 ωηο
709 4059 750 4112 ,25
777 4057 933 4127 aliquandiu
955 4056 982 4110 V
1048 4056 1083 4111 28
1103 4057 1149 4111 <a>
1163 4057 1278 4127 singulis
1298 4058 1360 4110 Car.

239 4145 273 4200 30
291 4145 376 4200 curati
397 4144 430 4210 V,
448 4161 548 4200 ωηο
619 4145 728 4216 langore
750 4145 782 4210 V,
801 4161 868 4200 ωη
888 4163 901 4196 ο
