<?xml version="1.0" encoding="UTF-8"?>
<!DOCTYPE html PUBLIC "-//W3C//DTD XHTML 1.0 Transitional//EN"
    "http://www.w3.org/TR/xhtml1/DTD/xhtml1-transitional.dtd">
<html xmlns="http://www.w3.org/1999/xhtml" xml:lang="en" lang="en">
 <head>
  <title>
</title>
<meta http-equiv="Content-Type" content="text/html;charset=utf-8" />
  <meta name='ocr-system' content='tesseract 3.04.00' />
  <meta name='ocr-capabilities' content='ocr_page ocr_carea ocr_par ocr_line ocrx_word'/>
</head>
<body>
  <div class='ocr_page' id='page_1' title='image "./epistulaeimpera01gngoog_0489.png"; bbox 0 0 2904 4672; ppageno 0'>
   <div class='ocr_carea' id='block_1_1' title="bbox 178 258 1011 330">
    <p class='ocr_par' dir='ltr' id='par_1_1' title="bbox 178 258 1011 330">
     <span class='ocr_line' id='line_1_1' title="bbox 178 258 1011 330; baseline -0.006 -11"><span class='ocrx_word' id='word_1_1' title='bbox 178 263 242 327; x_wconf 85' lang='grc'><strong>384</strong></span> <span class='ocrx_word' id='word_1_2' title='bbox 470 258 594 314; x_wconf 81' lang='lat' dir='ltr'><strong>Gelenius</strong></span> <span class='ocrx_word' id='word_1_3' title='bbox 611 260 633 312; x_wconf 94' lang='grc' dir='ltr'><strong>Ι.</strong></span> <span class='ocrx_word' id='word_1_4' title='bbox 652 259 686 314; x_wconf 93' lang='lat' dir='ltr'><strong>ad</strong></span> <span class='ocrx_word' id='word_1_5' title='bbox 704 260 842 330; x_wconf 86' lang='lat' dir='ltr'><strong>episcopos</strong></span> <span class='ocrx_word' id='word_1_6' title='bbox 860 261 1011 314; x_wconf 76' lang='lat' dir='ltr'><strong>Dardaniae</strong></span> 
     </span>
    </p>
   </div>
   <div class='ocr_carea' id='block_1_2' title="bbox 70 453 1337 2876">
    <p class='ocr_par' dir='ltr' id='par_1_2' title="bbox 70 453 1337 2876">
     <span class='ocr_line' id='line_1_2' title="bbox 175 453 1302 541; baseline 0.003 -24"><span class='ocrx_word' id='word_1_7' title='bbox 175 455 337 535; x_wconf 85' lang='lat' dir='ltr'><strong>temptare.</strong></span> <span class='ocrx_word' id='word_1_8' title='bbox 371 453 456 518; x_wconf 91' lang='lat' dir='ltr'><strong>dicat</strong></span> <span class='ocrx_word' id='word_1_9' title='bbox 486 472 569 537; x_wconf 86' lang='lat' dir='ltr'><strong>ergo,</strong></span> <span class='ocrx_word' id='word_1_10' title='bbox 602 472 662 535; x_wconf 87' lang='lat' dir='ltr'><strong>qua</strong></span> <span class='ocrx_word' id='word_1_11' title='bbox 693 454 761 535; x_wconf 90' lang='lat' dir='ltr'><strong>ipse</strong></span> <span class='ocrx_word' id='word_1_12' title='bbox 793 455 911 536; x_wconf 87' lang='lat' dir='ltr'><strong>syuodo</strong></span> <span class='ocrx_word' id='word_1_13' title='bbox 943 455 1121 541; x_wconf 89' lang='lat' dir='ltr'><strong>Iohannem</strong></span> <span class='ocrx_word' id='word_1_14' title='bbox 1148 455 1302 520; x_wconf 88' lang='lat' dir='ltr'><strong>secundae</strong></span> 
     </span>
     <span class='ocr_line' id='line_1_3' title="bbox 177 559 1302 642; baseline 0.002 -18"><span class='ocrx_word' id='word_1_15' title='bbox 177 560 261 624; x_wconf 91' lang='lat' dir='ltr'><strong>sedis</strong></span> <span class='ocrx_word' id='word_1_16' title='bbox 288 559 460 624; x_wconf 81' lang='lat' dir='ltr'><strong>antistitem</strong></span> <span class='ocrx_word' id='word_1_17' title='bbox 492 560 759 642; x_wconf 78' lang='lat' dir='ltr'><strong>qualemcumque,</strong></span> <span class='ocrx_word' id='word_1_18' title='bbox 783 563 866 624; x_wconf 85' lang='lat' dir='ltr'><strong>certe</strong></span> <span class='ocrx_word' id='word_1_19' title='bbox 890 559 1080 625; x_wconf 87' lang='lat' dir='ltr'><strong>catholicum</strong></span> <span class='ocrx_word' id='word_1_20' title='bbox 1104 563 1137 624; x_wconf 91' lang='lat' dir='ltr'><strong>et</strong></span> <span class='ocrx_word' id='word_1_21' title='bbox 1159 581 1179 625; x_wconf 90' lang='lat' dir='ltr'><strong>a</strong></span> <span class='ocrx_word' id='word_1_22' title='bbox 1200 561 1302 626; x_wconf 87' lang='lat' dir='ltr'><strong>catbo·</strong></span> 
     </span>
     <span class='ocr_line' id='line_1_4' title="bbox 176 665 1300 750; baseline 0.002 -22"><span class='ocrx_word' id='word_1_23' title='bbox 176 665 246 730; x_wconf 82' lang='lat' dir='ltr'><strong>licis</strong></span> <span class='ocrx_word' id='word_1_24' title='bbox 276 665 449 728; x_wconf 89' lang='lat' dir='ltr'><strong>ordinatum</strong></span> <span class='ocrx_word' id='word_1_25' title='bbox 479 684 535 730; x_wconf 92' lang='lat' dir='ltr'><strong>nec</strong></span> <span class='ocrx_word' id='word_1_26' title='bbox 565 665 601 729; x_wconf 89' lang='lat' dir='ltr'><strong>de</strong></span> <span class='ocrx_word' id='word_1_27' title='bbox 630 665 787 730; x_wconf 87' lang='lat' dir='ltr'><strong>catholica</strong></span> <span class='ocrx_word' id='word_1_28' title='bbox 807 665 866 730; x_wconf 88' lang='lat' dir='ltr'><strong>fide</strong></span> <span class='ocrx_word' id='word_1_29' title='bbox 890 669 922 730; x_wconf 91' lang='lat' dir='ltr'><strong>ot</strong></span> <span class='ocrx_word' id='word_1_30' title='bbox 944 667 1163 732; x_wconf 89' lang='lat' dir='ltr'><strong>communione</strong></span> <span class='ocrx_word' id='word_1_31' title='bbox 1187 667 1300 750; x_wconf 86' lang='lat' dir='ltr'><strong>alique-</strong></span> 
     </span>
     <span class='ocr_line' id='line_1_5' title="bbox 175 771 1301 854; baseline 0.002 -20"><span class='ocrx_word' id='word_1_32' title='bbox 175 773 267 835; x_wconf 85' lang='lat' dir='ltr'><strong>tenus</strong></span> <span class='ocrx_word' id='word_1_33' title='bbox 277 772 465 854; x_wconf 88' lang='lat' dir='ltr'><strong>impetitum,</strong></span> <span class='ocrx_word' id='word_1_34' title='bbox 477 771 598 835; x_wconf 80' lang='lat' dir='ltr'><strong>duxerit</strong></span> <span class='ocrx_word' id='word_1_35' title='bbox 612 771 836 836; x_wconf 84' lang='lat' dir='ltr'><strong>excludendum</strong></span> <span class='ocrx_word' id='word_1_36' title='bbox 852 775 883 836; x_wconf 92' lang='lat' dir='ltr'><strong>et</strong></span> <span class='ocrx_word' id='word_1_37' title='bbox 896 772 1086 837; x_wconf 89' lang='lat' dir='ltr'><strong>haereticum</strong></span> <span class='ocrx_word' id='word_1_38' title='bbox 1100 772 1301 837; x_wconf 83' lang='lat' dir='ltr'><strong>manifestum</strong></span> 
     </span>
     <span class='ocr_line' id='line_1_6' title="bbox 115 877 1336 960; baseline -0.002 -20"><span class='ocrx_word' id='word_1_39' title='bbox 115 907 118 914; x_wconf 61' lang='lat'><strong>&gt;</strong></span> <span class='ocrx_word' id='word_1_40' title='bbox 174 878 302 941; x_wconf 89' lang='lat' dir='ltr'><strong>Petrum</strong></span> <span class='ocrx_word' id='word_1_41' title='bbox 331 897 387 942; x_wconf 90' lang='lat' dir='ltr'><strong>sua</strong></span> <span class='ocrx_word' id='word_1_42' title='bbox 414 896 536 960; x_wconf 89' lang='lat' dir='ltr'><strong>quoque</strong></span> <span class='ocrx_word' id='word_1_43' title='bbox 564 878 743 942; x_wconf 83' lang='lat' dir='ltr'><strong>executione</strong></span> <span class='ocrx_word' id='word_1_44' title='bbox 771 878 952 954; x_wconf 87' lang='lat' dir='ltr'><strong>damnatum</strong></span> <span class='ocrx_word' id='word_1_45' title='bbox 979 878 1120 960; x_wconf 89' lang='lat' dir='ltr'><strong>pontifici</strong></span> <span class='ocrx_word' id='word_1_46' title='bbox 1147 877 1299 943; x_wconf 86' lang='lat' dir='ltr'><strong>catholico</strong></span> <span class='ocrx_word' id='word_1_47' title='bbox 1325 899 1336 938; x_wconf 83' lang='grc' dir='ltr'>ι</span> 
     </span>
     <span class='ocr_line' id='line_1_7' title="bbox 174 983 1301 1073; baseline 0.001 -27"><span class='ocrx_word' id='word_1_48' title='bbox 174 983 351 1066; x_wconf 83' lang='lat' dir='ltr'><strong>permiserit</strong></span> <span class='ocrx_word' id='word_1_49' title='bbox 390 983 563 1067; x_wconf 86' lang='lat' dir='ltr'><strong>subrogari,</strong></span> <span class='ocrx_word' id='word_1_50' title='bbox 605 1003 682 1073; x_wconf 86' lang='lat' dir='ltr'><strong>cum</strong></span> <span class='ocrx_word' id='word_1_51' title='bbox 717 984 839 1049; x_wconf 88' lang='lat' dir='ltr'><strong>etiamsi</strong></span> <span class='ocrx_word' id='word_1_52' title='bbox 880 1004 952 1049; x_wconf 88' lang='lat' dir='ltr'><strong>reus</strong></span> <span class='ocrx_word' id='word_1_53' title='bbox 992 985 1177 1049; x_wconf 86' lang='lat' dir='ltr'><strong>manifestus</strong></span> <span class='ocrx_word' id='word_1_54' title='bbox 1219 987 1301 1049; x_wconf 89' lang='lat' dir='ltr'><strong>esset</strong></span> 
     </span>
     <span class='ocr_line' id='line_1_8' title="bbox 174 1089 1300 1172; baseline 0.001 -20"><span class='ocrx_word' id='word_1_55' title='bbox 174 1089 336 1164; x_wconf 87' lang='lat' dir='ltr'><strong>lohannes,</strong></span> <span class='ocrx_word' id='word_1_56' title='bbox 368 1093 442 1171; x_wconf 90' lang='lat' dir='ltr'><strong>post</strong></span> <span class='ocrx_word' id='word_1_57' title='bbox 473 1109 545 1153; x_wconf 92' lang='lat' dir='ltr'><strong>eum</strong></span> <span class='ocrx_word' id='word_1_58' title='bbox 577 1090 688 1154; x_wconf 88' lang='lat' dir='ltr'><strong>saltem</strong></span> <span class='ocrx_word' id='word_1_59' title='bbox 721 1090 911 1156; x_wconf 88' lang='lat' dir='ltr'><strong>catholicum</strong></span> <span class='ocrx_word' id='word_1_60' title='bbox 942 1091 1141 1155; x_wconf 87' lang='lat' dir='ltr'><strong>conuenisset</strong></span> <span class='ocrx_word' id='word_1_61' title='bbox 1175 1089 1300 1172; x_wconf 89' lang='lat' dir='ltr'><strong>praefici</strong></span> 
     </span>
     <span class='ocr_line' id='line_1_9' title="bbox 176 1195 1299 1279; baseline -0.001 -19"><span class='ocrx_word' id='word_1_62' title='bbox 176 1195 377 1273; x_wconf 80' lang='lat' dir='ltr'><strong>sacerdotem,</strong></span> <span class='ocrx_word' id='word_1_63' title='bbox 407 1196 584 1278; x_wconf 88' lang='lat' dir='ltr'><strong>sicutipse</strong></span> <span class='ocrx_word' id='word_1_64' title='bbox 612 1215 735 1279; x_wconf 90' lang='lat' dir='ltr'><strong>quoque</strong></span> <span class='ocrx_word' id='word_1_65' title='bbox 764 1196 830 1261; x_wconf 94' lang='lat' dir='ltr'><strong>suis</strong></span> <span class='ocrx_word' id='word_1_66' title='bbox 858 1196 954 1261; x_wconf 90' lang='lat' dir='ltr'><strong>sacris</strong></span> <span class='ocrx_word' id='word_1_67' title='bbox 983 1199 1108 1260; x_wconf 86' lang='lat' dir='ltr'><strong>sauctae</strong></span> <span class='ocrx_word' id='word_1_68' title='bbox 1134 1195 1299 1262; x_wconf 84' lang='lat' dir='ltr'><strong>memoriae</strong></span> 
     </span>
     <span class='ocr_line' id='line_1_10' title="bbox 177 1301 1301 1391; baseline 0.001 -27"><span class='ocrx_word' id='word_1_69' title='bbox 177 1301 340 1366; x_wconf 85' lang='lat' dir='ltr'><strong>Timotheo</strong></span> <span class='ocrx_word' id='word_1_70' title='bbox 365 1301 518 1366; x_wconf 90' lang='lat' dir='ltr'><strong>catholico</strong></span> <span class='ocrx_word' id='word_1_71' title='bbox 538 1302 569 1365; x_wconf 93' lang='lat' dir='ltr'><strong>in</strong></span> <span class='ocrx_word' id='word_1_72' title='bbox 588 1301 774 1366; x_wconf 77' lang='lat' dir='ltr'><strong>Alexandria</strong></span> <span class='ocrx_word' id='word_1_73' title='bbox 791 1302 967 1367; x_wconf 87' lang='lat' dir='ltr'><strong>faciendum</strong></span> <span class='ocrx_word' id='word_1_74' title='bbox 985 1302 1167 1385; x_wconf 87' lang='lat' dir='ltr'><strong>promisisse</strong></span> <span class='ocrx_word' id='word_1_75' title='bbox 1185 1302 1301 1391; x_wconf 81' lang='lat' dir='ltr'><strong>legitur</strong></span> 
     </span>
     <span class='ocr_line' id='line_1_11' title="bbox 85 1405 1334 1501; baseline -0.001 -33"><span class='ocrx_word' id='word_1_76' title='bbox 85 1496 88 1501; x_wconf 89' lang='lat'><em>.</em></span> <span class='ocrx_word' id='word_1_77' title='bbox 119 1405 164 1468; x_wconf 87' lang='lat'><strong>42</strong></span> <span class='ocrx_word' id='word_1_78' title='bbox 175 1407 352 1490; x_wconf 84' lang='lat' dir='ltr'><strong>imperator.</strong></span> <span class='ocrx_word' id='word_1_79' title='bbox 381 1427 442 1489; x_wconf 88' lang='lat' dir='ltr'><strong>qua</strong></span> <span class='ocrx_word' id='word_1_80' title='bbox 469 1408 585 1492; x_wconf 85' lang='lat' dir='ltr'><strong>synodo</strong></span> <span class='ocrx_word' id='word_1_81' title='bbox 613 1409 723 1473; x_wconf 87' lang='lat' dir='ltr'><strong>tertiae</strong></span> <span class='ocrx_word' id='word_1_82' title='bbox 752 1408 836 1473; x_wconf 86' lang='lat' dir='ltr'><strong>sedis</strong></span> <span class='ocrx_word' id='word_1_83' title='bbox 865 1409 1047 1491; x_wconf 86' lang='lat' dir='ltr'><strong>episcopum</strong></span> <span class='ocrx_word' id='word_1_84' title='bbox 1080 1408 1298 1497; x_wconf 69' lang='lat' dir='ltr'><strong>calendionem</strong></span> <span class='ocrx_word' id='word_1_85' title='bbox 1313 1428 1334 1469; x_wconf 88' lang='lat' dir='ltr'><strong>u</strong></span> 
     </span>
     <span class='ocr_line' id='line_1_12' title="bbox 174 1513 1299 1596; baseline 0 -19"><span class='ocrx_word' id='word_1_86' title='bbox 174 1513 257 1580; x_wconf 90' lang='lat' dir='ltr'><strong>idem</strong></span> <span class='ocrx_word' id='word_1_87' title='bbox 285 1514 398 1596; x_wconf 84' lang='lat' dir='ltr'><strong>expelli</strong></span> <span class='ocrx_word' id='word_1_88' title='bbox 420 1514 497 1593; x_wconf 83' lang='lat' dir='ltr'><strong>fecit</strong></span> <span class='ocrx_word' id='word_1_89' title='bbox 518 1514 651 1579; x_wconf 76' lang='lat' dir='ltr'><strong>Aeacius</strong></span> <span class='ocrx_word' id='word_1_90' title='bbox 676 1533 711 1579; x_wconf 88' lang='lat' dir='ltr'><strong>ao</strong></span> <span class='ocrx_word' id='word_1_91' title='bbox 733 1515 936 1579; x_wconf 89' lang='lat' dir='ltr'><strong>nibilominus</strong></span> <span class='ocrx_word' id='word_1_92' title='bbox 961 1513 1061 1579; x_wconf 88' lang='lat' dir='ltr'><strong>eidem</strong></span> <span class='ocrx_word' id='word_1_93' title='bbox 1084 1515 1213 1578; x_wconf 90' lang='lat' dir='ltr'><strong>Petrum</strong></span> <span class='ocrx_word' id='word_1_94' title='bbox 1236 1515 1299 1578; x_wconf 89' lang='lat' dir='ltr'><strong>tam</strong></span> 
     </span>
     <span class='ocr_line' id='line_1_13' title="bbox 174 1619 1299 1702; baseline 0.001 -17"><span class='ocrx_word' id='word_1_95' title='bbox 174 1621 364 1685; x_wconf 86' lang='lat' dir='ltr'><strong>haereticum</strong></span> <span class='ocrx_word' id='word_1_96' title='bbox 388 1620 601 1695; x_wconf 84' lang='lat' dir='ltr'><strong>manifestum,</strong></span> <span class='ocrx_word' id='word_1_97' title='bbox 625 1622 662 1684; x_wconf 91' lang='lat' dir='ltr'><strong>ut</strong></span> <span class='ocrx_word' id='word_1_98' title='bbox 686 1619 787 1684; x_wconf 88' lang='lat' dir='ltr'><strong>eidem</strong></span> <span class='ocrx_word' id='word_1_99' title='bbox 808 1620 912 1702; x_wconf 85' lang='lat' dir='ltr'><strong>palam</strong></span> <span class='ocrx_word' id='word_1_100' title='bbox 935 1639 991 1685; x_wconf 89' lang='lat' dir='ltr'><strong>nec</strong></span> <span class='ocrx_word' id='word_1_101' title='bbox 1014 1639 1048 1685; x_wconf 89' lang='lat' dir='ltr'><strong>se</strong></span> <span class='ocrx_word' id='word_1_102' title='bbox 1071 1621 1299 1686; x_wconf 90' lang='lat' dir='ltr'><strong>communicare</strong></span> 
     </span>
     <span class='ocr_line' id='line_1_14' title="bbox 173 1724 1299 1810; baseline 0.001 -19"><span class='ocrx_word' id='word_1_103' title='bbox 173 1726 397 1809; x_wconf 85' lang='lat' dir='ltr'><strong>praetenderet,</strong></span> <span class='ocrx_word' id='word_1_104' title='bbox 439 1745 497 1790; x_wconf 87' lang='lat' dir='ltr'><strong>sua</strong></span> <span class='ocrx_word' id='word_1_105' title='bbox 535 1745 649 1807; x_wconf 90' lang='lat' dir='ltr'><strong>passus</strong></span> <span class='ocrx_word' id='word_1_106' title='bbox 691 1729 740 1790; x_wconf 90' lang='lat' dir='ltr'><strong>est</strong></span> <span class='ocrx_word' id='word_1_107' title='bbox 779 1724 984 1809; x_wconf 86' lang='lat' dir='ltr'><strong>dispositione</strong></span> <span class='ocrx_word' id='word_1_108' title='bbox 1025 1726 1199 1792; x_wconf 79' lang='lat' dir='ltr'><strong>substitui?</strong></span> <span class='ocrx_word' id='word_1_109' title='bbox 1240 1747 1299 1810; x_wconf 84' lang='lat' dir='ltr'><strong>qua</strong></span> 
     </span>
     <span class='ocr_line' id='line_1_15' title="bbox 174 1831 1298 1915; baseline 0.002 -19"><span class='ocrx_word' id='word_1_110' title='bbox 174 1831 306 1913; x_wconf 89' lang='lat' dir='ltr'><strong>denique</strong></span> <span class='ocrx_word' id='word_1_111' title='bbox 333 1851 389 1915; x_wconf 93' lang='lat' dir='ltr'><strong>per</strong></span> <span class='ocrx_word' id='word_1_112' title='bbox 414 1834 517 1897; x_wconf 92' lang='lat' dir='ltr'><strong>totum</strong></span> <span class='ocrx_word' id='word_1_113' title='bbox 546 1831 704 1897; x_wconf 89' lang='lat' dir='ltr'><strong>Orientem</strong></span> <span class='ocrx_word' id='word_1_114' title='bbox 732 1832 849 1915; x_wconf 86' lang='lat' dir='ltr'><strong>synodo</strong></span> <span class='ocrx_word' id='word_1_115' title='bbox 878 1832 987 1897; x_wconf 89' lang='lat' dir='ltr'><strong>eiectis</strong></span> <span class='ocrx_word' id='word_1_116' title='bbox 1011 1833 1190 1898; x_wconf 80' lang='lat' dir='ltr'><strong>orthodoxis</strong></span> <span class='ocrx_word' id='word_1_117' title='bbox 1213 1835 1298 1898; x_wconf 93' lang='lat' dir='ltr'><strong>nullo</strong></span> 
     </span>
     <span class='ocr_line' id='line_1_16' title="bbox 174 1924 1336 2018; baseline -0.005 -17"><span class='ocrx_word' id='word_1_118' title='bbox 174 1937 303 2001; x_wconf 91' lang='lat' dir='ltr'><strong>crimine</strong></span> <span class='ocrx_word' id='word_1_119' title='bbox 325 1924 491 2001; x_wconf 84' lang='lat' dir='ltr'><strong>maculatis</strong></span> <span class='ocrx_word' id='word_1_120' title='bbox 513 1954 628 2018; x_wconf 89' lang='lat' dir='ltr'><strong>prauos</strong></span> <span class='ocrx_word' id='word_1_121' title='bbox 652 1953 792 2018; x_wconf 91' lang='lat' dir='ltr'><strong>quosque</strong></span> <span class='ocrx_word' id='word_1_122' title='bbox 816 1938 848 2000; x_wconf 84' lang='lat' dir='ltr'><strong>et</strong></span> <span class='ocrx_word' id='word_1_123' title='bbox 866 1936 1047 2000; x_wconf 89' lang='lat' dir='ltr'><strong>criminibus</strong></span> <span class='ocrx_word' id='word_1_124' title='bbox 1064 1937 1226 2003; x_wconf 89' lang='lat' dir='ltr'><strong>inuolutos</strong></span> <span class='ocrx_word' id='word_1_125' title='bbox 1246 1956 1301 2002; x_wconf 91' lang='lat' dir='ltr'><strong>sua</strong></span> <span class='ocrx_word' id='word_1_126' title='bbox 1315 1957 1336 1996; x_wconf 87' lang='lat' dir='ltr'><strong>u</strong></span> 
     </span>
     <span class='ocr_line' id='line_1_17' title="bbox 178 2041 1301 2127; baseline 0.001 -21"><span class='ocrx_word' id='word_1_127' title='bbox 178 2043 358 2125; x_wconf 89' lang='lat' dir='ltr'><strong>prouisione</strong></span> <span class='ocrx_word' id='word_1_128' title='bbox 399 2043 588 2125; x_wconf 79' lang='lat' dir='ltr'><strong>supposuit?</strong></span> <span class='ocrx_word' id='word_1_129' title='bbox 634 2061 695 2125; x_wconf 85' lang='lat' dir='ltr'><strong>qua</strong></span> <span class='ocrx_word' id='word_1_130' title='bbox 740 2041 857 2124; x_wconf 85' lang='lat' dir='ltr'><strong>synodo</strong></span> <span class='ocrx_word' id='word_1_131' title='bbox 901 2044 951 2106; x_wconf 92' lang='lat' dir='ltr'><strong>tot</strong></span> <span class='ocrx_word' id='word_1_132' title='bbox 994 2042 1094 2106; x_wconf 87' lang='lat' dir='ltr'><strong>aliena</strong></span> <span class='ocrx_word' id='word_1_133' title='bbox 1136 2044 1301 2127; x_wconf 83' lang='lat' dir='ltr'><strong>priuilegia</strong></span> 
     </span>
     <span class='ocr_line' id='line_1_18' title="bbox 177 2145 1300 2233; baseline 0.001 -20"><span class='ocrx_word' id='word_1_134' title='bbox 177 2147 328 2213; x_wconf 89' lang='lat' dir='ltr'><strong>nefandus</strong></span> <span class='ocrx_word' id='word_1_135' title='bbox 351 2148 516 2230; x_wconf 88' lang='lat' dir='ltr'><strong>populator</strong></span> <span class='ocrx_word' id='word_1_136' title='bbox 537 2148 677 2212; x_wconf 77' lang='lat' dir='ltr'><strong>inuasit?</strong></span> <span class='ocrx_word' id='word_1_137' title='bbox 702 2146 756 2212; x_wconf 89' lang='lat' dir='ltr'><strong>sed</strong></span> <span class='ocrx_word' id='word_1_138' title='bbox 776 2147 849 2211; x_wconf 90' lang='lat' dir='ltr'><strong>libri</strong></span> <span class='ocrx_word' id='word_1_139' title='bbox 867 2166 927 2211; x_wconf 91' lang='lat' dir='ltr'><strong>non</strong></span> <span class='ocrx_word' id='word_1_140' title='bbox 946 2145 1115 2224; x_wconf 88' lang='lat' dir='ltr'><strong>sufficiunt,</strong></span> <span class='ocrx_word' id='word_1_141' title='bbox 1134 2148 1163 2212; x_wconf 88' lang='lat' dir='ltr'><strong>si</strong></span> <span class='ocrx_word' id='word_1_142' title='bbox 1180 2151 1300 2233; x_wconf 87' lang='lat' dir='ltr'><strong>tragoe-</strong></span> 
     </span>
     <span class='ocr_line' id='line_1_19' title="bbox 94 2253 1300 2342; baseline 0.002 -25"><span class='ocrx_word' id='word_1_143' title='bbox 94 2339 95 2342; x_wconf 63' lang='lat'><strong>,</strong></span> <span class='ocrx_word' id='word_1_144' title='bbox 178 2253 244 2318; x_wconf 90' lang='lat' dir='ltr'><strong>dias</strong></span> <span class='ocrx_word' id='word_1_145' title='bbox 273 2254 351 2331; x_wconf 91' lang='lat' dir='ltr'><strong>eius,</strong></span> <span class='ocrx_word' id='word_1_146' title='bbox 376 2272 453 2336; x_wconf 89' lang='lat' dir='ltr'><strong>quas</strong></span> <span class='ocrx_word' id='word_1_147' title='bbox 482 2272 538 2336; x_wconf 89' lang='lat' dir='ltr'><strong>per</strong></span> <span class='ocrx_word' id='word_1_148' title='bbox 564 2253 711 2318; x_wconf 86' lang='lat' dir='ltr'><strong>ecclesias</strong></span> <span class='ocrx_word' id='word_1_149' title='bbox 739 2253 838 2318; x_wconf 87' lang='lat' dir='ltr'><strong>totius</strong></span> <span class='ocrx_word' id='word_1_150' title='bbox 867 2253 1002 2318; x_wconf 88' lang='lat' dir='ltr'><strong>Orientis</strong></span> <span class='ocrx_word' id='word_1_151' title='bbox 1025 2254 1171 2331; x_wconf 83' lang='lat' dir='ltr'><strong>exercuit,</strong></span> <span class='ocrx_word' id='word_1_152' title='bbox 1195 2255 1300 2338; x_wconf 82' lang='lat' dir='ltr'><strong>singil-</strong></span> 
     </span>
     <span class='ocr_line' id='line_1_20' title="bbox 176 2359 619 2424; baseline 0 -2"><span class='ocrx_word' id='word_1_153' title='bbox 176 2359 267 2423; x_wconf 90' lang='lat' dir='ltr'><strong>latim</strong></span> <span class='ocrx_word' id='word_1_154' title='bbox 289 2359 422 2423; x_wconf 90' lang='lat' dir='ltr'><strong>scribere</strong></span> <span class='ocrx_word' id='word_1_155' title='bbox 445 2359 619 2424; x_wconf 87' lang='lat' dir='ltr'><strong>moliamur.</strong></span> 
     </span>
     <span class='ocr_line' id='line_1_21' title="bbox 112 2452 1337 2548; baseline 0.001 -19"><span class='ocrx_word' id='word_1_156' title='bbox 112 2465 162 2530; x_wconf 65' lang='lat'><strong>43</strong></span> <span class='ocrx_word' id='word_1_157' title='bbox 218 2465 269 2529; x_wconf 85' lang='lat' dir='ltr'><strong>Au</strong></span> <span class='ocrx_word' id='word_1_158' title='bbox 296 2465 376 2530; x_wconf 94' lang='lat' dir='ltr'><strong>illud</strong></span> <span class='ocrx_word' id='word_1_159' title='bbox 402 2465 502 2547; x_wconf 92' lang='lat' dir='ltr'><strong>ipsius</strong></span> <span class='ocrx_word' id='word_1_160' title='bbox 531 2469 747 2548; x_wconf 87' lang='lat' dir='ltr'><strong>argumentum</strong></span> <span class='ocrx_word' id='word_1_161' title='bbox 770 2452 859 2531; x_wconf 89' lang='lat' dir='ltr'><strong>nobis</strong></span> <span class='ocrx_word' id='word_1_162' title='bbox 883 2466 1050 2530; x_wconf 90' lang='lat' dir='ltr'><strong>aestimant</strong></span> <span class='ocrx_word' id='word_1_163' title='bbox 1072 2465 1299 2547; x_wconf 88' lang='lat' dir='ltr'><strong>opponendum,</strong></span> <span class='ocrx_word' id='word_1_164' title='bbox 1314 2489 1337 2530; x_wconf 80' lang='lat' dir='ltr'><strong>ao</strong></span> 
     </span>
     <span class='ocr_line' id='line_1_22' title="bbox 70 2571 1298 2661; baseline 0.002 -27"><span class='ocrx_word' id='word_1_165' title='bbox 70 2617 72 2621; x_wconf 18' lang='grc' dir='ltr'><em>ν</em></span> <span class='ocrx_word' id='word_1_166' title='bbox 173 2590 234 2653; x_wconf 91' lang='lat' dir='ltr'><strong>quo</strong></span> <span class='ocrx_word' id='word_1_167' title='bbox 261 2571 400 2636; x_wconf 84' lang='lat' dir='ltr'><strong>facinora</strong></span> <span class='ocrx_word' id='word_1_168' title='bbox 427 2572 543 2635; x_wconf 90' lang='lat' dir='ltr'><strong>suain</strong></span> <span class='ocrx_word' id='word_1_169' title='bbox 570 2572 761 2654; x_wconf 89' lang='lat' dir='ltr'><strong>imperialem</strong></span> <span class='ocrx_word' id='word_1_170' title='bbox 789 2572 876 2636; x_wconf 89' lang='lat' dir='ltr'><strong>nisus</strong></span> <span class='ocrx_word' id='word_1_171' title='bbox 905 2574 954 2637; x_wconf 90' lang='lat' dir='ltr'><strong>est</strong></span> <span class='ocrx_word' id='word_1_172' title='bbox 974 2571 1089 2635; x_wconf 87' lang='lat' dir='ltr'><strong>iactare</strong></span> <span class='ocrx_word' id='word_1_173' title='bbox 1111 2575 1298 2661; x_wconf 79' lang='lat' dir='ltr'><strong>personam?</strong></span> 
     </span>
     <span class='ocr_line' id='line_1_23' title="bbox 174 2663 1298 2767; baseline 0.001 -27"><span class='ocrx_word' id='word_1_174' title='bbox 174 2695 229 2740; x_wconf 90' lang='lat' dir='ltr'><strong>cnr</strong></span> <span class='ocrx_word' id='word_1_175' title='bbox 254 2677 360 2760; x_wconf 86' lang='lat' dir='ltr'><strong>igitur,</strong></span> <span class='ocrx_word' id='word_1_176' title='bbox 389 2677 512 2760; x_wconf 85' lang='lat' dir='ltr'><strong>quando</strong></span> <span class='ocrx_word' id='word_1_177' title='bbox 535 2677 647 2754; x_wconf 92' lang='lat' dir='ltr'><strong>uoluit,</strong></span> <span class='ocrx_word' id='word_1_178' title='bbox 672 2665 796 2767; x_wconf 80' lang='lat' dir='ltr'><strong>obstitit</strong></span> <span class='ocrx_word' id='word_1_179' title='bbox 817 2663 982 2754; x_wconf 86' lang='lat' dir='ltr'><strong>Basilisco,</strong></span> <span class='ocrx_word' id='word_1_180' title='bbox 1007 2680 1135 2759; x_wconf 84' lang='lat' dir='ltr'><strong>tyranno</strong></span> <span class='ocrx_word' id='word_1_181' title='bbox 1161 2681 1245 2743; x_wconf 89' lang='lat' dir='ltr'><strong>certe</strong></span> <span class='ocrx_word' id='word_1_182' title='bbox 1268 2681 1298 2741; x_wconf 89' lang='lat' dir='ltr'><strong>et</strong></span> 
     </span>
     <span class='ocr_line' id='line_1_24' title="bbox 173 2781 1298 2876; baseline 0.003 -31"><span class='ocrx_word' id='word_1_183' title='bbox 173 2782 327 2848; x_wconf 87' lang='lat' dir='ltr'><strong>haeretico</strong></span> <span class='ocrx_word' id='word_1_184' title='bbox 351 2783 552 2847; x_wconf 85' lang='lat' dir='ltr'><strong>uehementer</strong></span> <span class='ocrx_word' id='word_1_185' title='bbox 573 2783 710 2848; x_wconf 83' lang='lat' dir='ltr'><strong>infesto?</strong></span> <span class='ocrx_word' id='word_1_186' title='bbox 735 2802 790 2847; x_wconf 92' lang='lat' dir='ltr'><strong>cur</strong></span> <span class='ocrx_word' id='word_1_187' title='bbox 806 2783 869 2865; x_wconf 90' lang='lat' dir='ltr'><strong>ipsi</strong></span> <span class='ocrx_word' id='word_1_188' title='bbox 885 2783 1063 2864; x_wconf 88' lang='lat' dir='ltr'><strong>imperatori</strong></span> <span class='ocrx_word' id='word_1_189' title='bbox 1081 2781 1215 2876; x_wconf 75' lang='lat' dir='ltr'><strong>Zenoni,</strong></span> <span class='ocrx_word' id='word_1_190' title='bbox 1227 2784 1298 2866; x_wconf 86' lang='lat' dir='ltr'><strong>quia</strong></span> 
     </span>
    </p>
   </div>
   <div class='ocr_carea' id='block_1_3' title="bbox 170 3005 1297 4223">
    <p class='ocr_par' dir='ltr' id='par_1_3' title="bbox 170 3005 1297 4223">
     <span class='ocr_line' id='line_1_25' title="bbox 211 3005 1296 3076; baseline 0.002 -18"><span class='ocrx_word' id='word_1_191' title='bbox 211 3006 307 3075; x_wconf 86' lang='lat' dir='ltr'><strong>lergo</strong></span> <span class='ocrx_word' id='word_1_192' title='bbox 331 3005 414 3059; x_wconf 74' lang='lat' dir='ltr'><strong>Vsa:</strong></span> <span class='ocrx_word' id='word_1_193' title='bbox 434 3007 518 3075; x_wconf 86' lang='lat' dir='ltr'><strong>igitur</strong></span> <span class='ocrx_word' id='word_1_194' title='bbox 534 3005 589 3061; x_wconf 79' lang='grc' dir='ltr'><strong>ΒΑ</strong></span> <span class='ocrx_word' id='word_1_195' title='bbox 661 3007 723 3075; x_wconf 88' lang='lat' dir='ltr'><strong>quia</strong></span> <span class='ocrx_word' id='word_1_196' title='bbox 740 3006 768 3059; x_wconf 99' lang='grc' dir='ltr'><strong><em>Β</em></strong></span> <span class='ocrx_word' id='word_1_197' title='bbox 825 3006 1053 3076; x_wconf 81' lang='lat' dir='ltr'><strong>2qualecumqne</strong></span> <span class='ocrx_word' id='word_1_198' title='bbox 1067 3006 1095 3059; x_wconf 92' lang='grc' dir='ltr'><strong><em>Β</em></strong></span> <span class='ocrx_word' id='word_1_199' title='bbox 1167 3007 1296 3061; x_wconf 85' lang='lat' dir='ltr'><strong>catholico</strong></span> 
     </span>
     <span class='ocr_line' id='line_1_26' title="bbox 174 3093 1297 3164; baseline 0 -16"><span class='ocrx_word' id='word_1_200' title='bbox 174 3111 232 3148; x_wconf 89' lang='lat' dir='ltr'><strong>cum</strong></span> <span class='ocrx_word' id='word_1_201' title='bbox 251 3097 278 3146; x_wconf 87' lang='lat' dir='ltr'><strong>et</strong></span> <span class='ocrx_word' id='word_1_202' title='bbox 295 3095 322 3146; x_wconf 91' lang='lat' dir='ltr'><em>B</em></span> <span class='ocrx_word' id='word_1_203' title='bbox 363 3093 449 3148; x_wconf 81' lang='lat' dir='ltr'><strong>sude</strong></span> <span class='ocrx_word' id='word_1_204' title='bbox 469 3094 680 3149; x_wconf 89' lang='lat' dir='ltr'><strong>cummunionem</strong></span> <span class='ocrx_word' id='word_1_205' title='bbox 697 3095 724 3146; x_wconf 91' lang='lat' dir='ltr'><em>B</em></span> <span class='ocrx_word' id='word_1_206' title='bbox 781 3094 949 3164; x_wconf 87' lang='lat' dir='ltr'><strong>aliquatenus</strong></span> <span class='ocrx_word' id='word_1_207' title='bbox 968 3110 1017 3149; x_wconf 81' lang='lat' dir='ltr'><strong>orn.</strong></span> <span class='ocrx_word' id='word_1_208' title='bbox 1036 3094 1064 3149; x_wconf 84' lang='lat' dir='ltr'><em>R</em></span> <span class='ocrx_word' id='word_1_209' title='bbox 1104 3097 1188 3148; x_wconf 76' lang='lat' dir='ltr'><strong>baua</strong></span> <span class='ocrx_word' id='word_1_210' title='bbox 1206 3112 1255 3150; x_wconf 89' lang='lat' dir='ltr'><strong>sua</strong></span> <span class='ocrx_word' id='word_1_211' title='bbox 1271 3095 1297 3148; x_wconf 91' lang='lat' dir='ltr'>B</span> 
     </span>
     <span class='ocr_line' id='line_1_27' title="bbox 171 3181 1296 3252; baseline 0.001 -17"><span class='ocrx_word' id='word_1_212' title='bbox 171 3184 342 3235; x_wconf 85' lang='lat' dir='ltr'><strong>excusatione</strong></span> <span class='ocrx_word' id='word_1_213' title='bbox 355 3182 383 3235; x_wconf 87' lang='grc' dir='ltr'><strong><em>Β</em></strong></span> <span class='ocrx_word' id='word_1_214' title='bbox 419 3184 435 3236; x_wconf 87' lang='grc'><strong>6</strong></span> <span class='ocrx_word' id='word_1_215' title='bbox 454 3183 603 3251; x_wconf 86' lang='lat' dir='ltr'><strong>pemriserit</strong></span> <span class='ocrx_word' id='word_1_216' title='bbox 620 3198 703 3250; x_wconf 78' lang='lat' dir='ltr'><strong>usquc</strong></span> <span class='ocrx_word' id='word_1_217' title='bbox 722 3183 761 3236; x_wconf 85' lang='lat' dir='ltr'><strong>od</strong></span> <span class='ocrx_word' id='word_1_218' title='bbox 777 3183 794 3236; x_wconf 84' lang='lat'><strong>9</strong></span> <span class='ocrx_word' id='word_1_219' title='bbox 813 3182 944 3236; x_wconf 85' lang='lat' dir='ltr'><strong>catholico</strong></span> <span class='ocrx_word' id='word_1_220' title='bbox 962 3198 1013 3236; x_wconf 85' lang='lat' dir='ltr'><strong>om:</strong></span> <span class='ocrx_word' id='word_1_221' title='bbox 1031 3181 1059 3236; x_wconf 86' lang='lat' dir='ltr'><strong><em>R</em></strong></span> <span class='ocrx_word' id='word_1_222' title='bbox 1112 3181 1257 3252; x_wconf 81' lang='lat' dir='ltr'><strong>subrogare</strong></span> <span class='ocrx_word' id='word_1_223' title='bbox 1270 3183 1296 3236; x_wconf 91' lang='lat' dir='ltr'>B</span> 
     </span>
     <span class='ocr_line' id='line_1_28' title="bbox 174 3269 1295 3337; baseline 0.001 -14"><span class='ocrx_word' id='word_1_224' title='bbox 174 3271 266 3324; x_wconf 87' lang='lat' dir='ltr'><strong>eiamsi</strong></span> <span class='ocrx_word' id='word_1_225' title='bbox 285 3271 310 3324; x_wconf 87' lang='lat' dir='ltr'><em>V</em></span> <span class='ocrx_word' id='word_1_226' title='bbox 378 3274 450 3325; x_wconf 89' lang='lat' dir='ltr'><strong>esset</strong></span> <span class='ocrx_word' id='word_1_227' title='bbox 468 3287 526 3324; x_wconf 90' lang='lat' dir='ltr'><strong>cnm</strong></span> <span class='ocrx_word' id='word_1_228' title='bbox 545 3271 720 3327; x_wconf 79' lang='lat' dir='ltr'><strong>conuenisset,</strong></span> <span class='ocrx_word' id='word_1_229' title='bbox 731 3270 859 3324; x_wconf 86' lang='lat' dir='ltr'><strong>iohannes</strong></span> <span class='ocrx_word' id='word_1_230' title='bbox 873 3270 900 3324; x_wconf 91' lang='grc' dir='ltr'><strong><em>Β</em></strong></span> <span class='ocrx_word' id='word_1_231' title='bbox 949 3271 964 3323; x_wconf 88' lang='grc'><strong>7</strong></span> <span class='ocrx_word' id='word_1_232' title='bbox 982 3269 1105 3323; x_wconf 82' lang='lat' dir='ltr'><strong>salllltom</strong></span> <span class='ocrx_word' id='word_1_233' title='bbox 1124 3276 1204 3337; x_wconf 85' lang='lat' dir='ltr'><strong>(erus.</strong></span> <span class='ocrx_word' id='word_1_234' title='bbox 1219 3275 1247 3337; x_wconf 91' lang='lat' dir='ltr'><strong>u)</strong></span> <span class='ocrx_word' id='word_1_235' title='bbox 1266 3270 1295 3333; x_wconf 86' lang='lat' dir='ltr'><strong>V,</strong></span> 
     </span>
     <span class='ocr_line' id='line_1_29' title="bbox 171 3357 1296 3431; baseline -0.002 -19"><span class='ocrx_word' id='word_1_236' title='bbox 171 3358 262 3412; x_wconf 87' lang='lat' dir='ltr'><strong>saltim</strong></span> <span class='ocrx_word' id='word_1_237' title='bbox 281 3359 308 3412; x_wconf 88' lang='grc' dir='ltr'><strong><em>Β</em></strong></span> <span class='ocrx_word' id='word_1_238' title='bbox 380 3357 516 3431; x_wconf 76' lang='lat' dir='ltr'><strong>debuisset</strong></span> <span class='ocrx_word' id='word_1_239' title='bbox 535 3361 598 3426; x_wconf 80' lang='lat' dir='ltr'><strong>(pro</strong></span> <span class='ocrx_word' id='word_1_240' title='bbox 618 3359 796 3424; x_wconf 78' lang='lat' dir='ltr'><strong>conuenisset)</strong></span> <span class='ocrx_word' id='word_1_241' title='bbox 814 3358 842 3411; x_wconf 89' lang='grc' dir='ltr'><strong><em>Β</em></strong></span> <span class='ocrx_word' id='word_1_242' title='bbox 908 3357 1168 3418; x_wconf 85' lang='lat' dir='ltr'><strong>9alexaudriamB</strong></span> <span class='ocrx_word' id='word_1_243' title='bbox 1237 3375 1296 3428; x_wconf 88' lang='lat' dir='ltr'><strong>pro·</strong></span> 
     </span>
     <span class='ocr_line' id='line_1_30' title="bbox 173 3445 1295 3521; baseline -0.001 -22"><span class='ocrx_word' id='word_1_244' title='bbox 173 3447 292 3500; x_wconf 84' lang='lat' dir='ltr'><strong>mississe</strong></span> <span class='ocrx_word' id='word_1_245' title='bbox 310 3447 345 3511; x_wconf 87' lang='lat' dir='ltr'><strong>B,</strong></span> <span class='ocrx_word' id='word_1_246' title='bbox 364 3447 514 3516; x_wconf 84' lang='lat' dir='ltr'><strong>permisisse</strong></span> <span class='ocrx_word' id='word_1_247' title='bbox 531 3447 566 3510; x_wconf 78' lang='lat' dir='ltr'><strong>A,</strong></span> <span class='ocrx_word' id='word_1_248' title='bbox 590 3447 781 3516; x_wconf 76' lang='lat' dir='ltr'><strong>prompsisseo</strong></span> <span class='ocrx_word' id='word_1_249' title='bbox 852 3447 984 3516; x_wconf 84' lang='lat' dir='ltr'><strong>relegitur</strong></span> <span class='ocrx_word' id='word_1_250' title='bbox 999 3447 1027 3500; x_wconf 91' lang='grc' dir='ltr'><strong><em>Β</em></strong></span> <span class='ocrx_word' id='word_1_251' title='bbox 1081 3445 1114 3499; x_wconf 91' lang='grc'><strong>10</strong></span> <span class='ocrx_word' id='word_1_252' title='bbox 1132 3445 1295 3521; x_wconf 71' lang='lat' dir='ltr'><strong>quaomB</strong></span> 
     </span>
     <span class='ocr_line' id='line_1_31' title="bbox 172 3532 1296 3611; baseline -0.001 -24"><span class='ocrx_word' id='word_1_253' title='bbox 172 3535 326 3605; x_wconf 85' lang='lat' dir='ltr'><strong>episcopum</strong></span> <span class='ocrx_word' id='word_1_254' title='bbox 345 3533 532 3589; x_wconf 72' lang='lat' dir='ltr'><strong>calendionem</strong></span> <span class='ocrx_word' id='word_1_255' title='bbox 554 3534 632 3587; x_wconf 77' lang='lat' dir='ltr'><strong>VAB</strong></span> <span class='ocrx_word' id='word_1_256' title='bbox 660 3536 824 3605; x_wconf 88' lang='lat' dir='ltr'><strong>(episcopum</strong></span> <span class='ocrx_word' id='word_1_257' title='bbox 851 3537 971 3588; x_wconf 89' lang='lat' dir='ltr'><strong>sanctum</strong></span> <span class='ocrx_word' id='word_1_258' title='bbox 995 3532 1051 3588; x_wconf 83' lang='lat' dir='ltr'><strong>Cal.</strong></span> <span class='ocrx_word' id='word_1_259' title='bbox 1075 3533 1132 3611; x_wconf 65' lang='lat' dir='ltr'><strong>Etr</strong></span> <span class='ocrx_word' id='word_1_260' title='bbox 1149 3534 1296 3587; x_wconf 84' lang='lat' dir='ltr'><strong>eutistltem</strong></span> 
     </span>
     <span class='ocr_line' id='line_1_32' title="bbox 172 3621 1294 3697; baseline -0.002 -20"><span class='ocrx_word' id='word_1_261' title='bbox 172 3623 391 3677; x_wconf 86' lang='lat' dir='ltr'><strong>calcedonensem</strong></span> <span class='ocrx_word' id='word_1_262' title='bbox 410 3622 526 3689; x_wconf 81' lang='lat' dir='ltr'><strong>(Calced.</strong></span> <span class='ocrx_word' id='word_1_263' title='bbox 546 3623 596 3679; x_wconf 83' lang='lat' dir='ltr'><strong>dcl.</strong></span> <span class='ocrx_word' id='word_1_264' title='bbox 611 3640 684 3678; x_wconf 82' lang='lat' dir='ltr'><strong>crau.</strong></span> <span class='ocrx_word' id='word_1_265' title='bbox 699 3627 728 3690; x_wconf 82' lang='lat'><strong>2)</strong></span> <span class='ocrx_word' id='word_1_266' title='bbox 748 3623 775 3678; x_wconf 88' lang='lat' dir='ltr'><em>R</em></span> <span class='ocrx_word' id='word_1_267' title='bbox 819 3623 849 3677; x_wconf 93' lang='lat' dir='ltr'><strong>ll</strong></span> <span class='ocrx_word' id='word_1_268' title='bbox 869 3623 938 3697; x_wconf 89' lang='lat' dir='ltr'><strong>hanc</strong></span> <span class='ocrx_word' id='word_1_269' title='bbox 955 3622 1019 3691; x_wconf 81' lang='lat' dir='ltr'><strong>(pro</strong></span> <span class='ocrx_word' id='word_1_270' title='bbox 1039 3623 1080 3689; x_wconf 89' lang='lat' dir='ltr'><strong>ac)</strong></span> <span class='ocrx_word' id='word_1_271' title='bbox 1098 3621 1125 3675; x_wconf 91' lang='grc' dir='ltr'><strong><em>Β</em></strong></span> <span class='ocrx_word' id='word_1_272' title='bbox 1178 3622 1249 3676; x_wconf 91' lang='lat' dir='ltr'><strong>idem</strong></span> <span class='ocrx_word' id='word_1_273' title='bbox 1263 3623 1294 3684; x_wconf 90' lang='grc' dir='ltr'><strong>Β,</strong></span> 
     </span>
     <span class='ocr_line' id='line_1_33' title="bbox 171 3711 1296 3791; baseline -0.004 -25"><span class='ocrx_word' id='word_1_274' title='bbox 171 3711 330 3791; x_wconf 26' lang='grc' dir='ltr'>θιιιιᾶειιιιΔ</span> <span class='ocrx_word' id='word_1_275' title='bbox 400 3715 490 3765; x_wconf 85' lang='lat' dir='ltr'><strong>lamen</strong></span> <span class='ocrx_word' id='word_1_276' title='bbox 508 3711 655 3766; x_wconf 86' lang='lat' dir='ltr'><strong>bericorum</strong></span> <span class='ocrx_word' id='word_1_277' title='bbox 672 3712 700 3764; x_wconf 92' lang='lat' dir='ltr'><em>B</em></span> <span class='ocrx_word' id='word_1_278' title='bbox 754 3713 786 3765; x_wconf 84' lang='lat'><strong>12</strong></span> <span class='ocrx_word' id='word_1_279' title='bbox 806 3711 992 3765; x_wconf 86' lang='lat' dir='ltr'><strong>communicari</strong></span> <span class='ocrx_word' id='word_1_280' title='bbox 1009 3713 1036 3764; x_wconf 76' lang='lat' dir='ltr'><strong><em>A</em></strong></span> <span class='ocrx_word' id='word_1_281' title='bbox 1095 3711 1128 3764; x_wconf 84' lang='lat'><strong>15</strong></span> <span class='ocrx_word' id='word_1_282' title='bbox 1148 3727 1253 3780; x_wconf 88' lang='lat' dir='ltr'><strong>quoque</strong></span> <span class='ocrx_word' id='word_1_283' title='bbox 1271 3714 1296 3764; x_wconf 87' lang='lat' dir='ltr'><strong>et</strong></span> 
     </span>
     <span class='ocr_line' id='line_1_34' title="bbox 171 3798 1297 3870; baseline 0 -18"><span class='ocrx_word' id='word_1_284' title='bbox 171 3801 327 3854; x_wconf 83' lang='lat' dir='ltr'><strong>criminibus</strong></span> <span class='ocrx_word' id='word_1_285' title='bbox 346 3817 450 3870; x_wconf 89' lang='lat' dir='ltr'><strong>quoque</strong></span> <span class='ocrx_word' id='word_1_286' title='bbox 468 3801 604 3854; x_wconf 89' lang='lat' dir='ltr'><strong>inuolutos</strong></span> <span class='ocrx_word' id='word_1_287' title='bbox 622 3801 649 3852; x_wconf 92' lang='grc' dir='ltr'><strong><em>Β</em></strong></span> <span class='ocrx_word' id='word_1_288' title='bbox 721 3801 752 3855; x_wconf 88' lang='grc'><strong>16</strong></span> <span class='ocrx_word' id='word_1_289' title='bbox 771 3803 830 3853; x_wconf 86' lang='lat' dir='ltr'><strong>tota</strong></span> <span class='ocrx_word' id='word_1_290' title='bbox 847 3800 874 3853; x_wconf 94' lang='grc' dir='ltr'><strong><em>Β</em></strong></span> <span class='ocrx_word' id='word_1_291' title='bbox 946 3800 978 3853; x_wconf 87' lang='grc'><strong>17</strong></span> <span class='ocrx_word' id='word_1_292' title='bbox 998 3798 1134 3853; x_wconf 83' lang='lat' dir='ltr'><strong>sufficiunt</strong></span> <span class='ocrx_word' id='word_1_293' title='bbox 1152 3799 1208 3854; x_wconf 80' lang='grc' dir='ltr'><strong>ΒΑ</strong></span> <span class='ocrx_word' id='word_1_294' title='bbox 1225 3805 1251 3853; x_wconf 82' lang='lat' dir='ltr'><strong>et</strong></span> <span class='ocrx_word' id='word_1_295' title='bbox 1267 3815 1297 3852; x_wconf 84' lang='lat' dir='ltr'><strong>ac</strong></span> 
     </span>
     <span class='ocr_line' id='line_1_35' title="bbox 175 3887 1296 3967; baseline -0.003 -26"><span class='ocrx_word' id='word_1_296' title='bbox 175 3889 308 3942; x_wconf 81' lang='lat' dir='ltr'><strong>sufficient</strong></span> <span class='ocrx_word' id='word_1_297' title='bbox 324 3889 352 3942; x_wconf 91' lang='grc' dir='ltr'><strong><em>Β</em></strong></span> <span class='ocrx_word' id='word_1_298' title='bbox 375 3904 448 3942; x_wconf 76' lang='lat' dir='ltr'><strong>mnu.</strong></span> <span class='ocrx_word' id='word_1_299' title='bbox 467 3894 496 3942; x_wconf 91' lang='grc'><strong>1.·</strong></span> <span class='ocrx_word' id='word_1_300' title='bbox 518 3889 651 3967; x_wconf 83' lang='lat' dir='ltr'><strong>sufficient</strong></span> <span class='ocrx_word' id='word_1_301' title='bbox 669 3887 688 3940; x_wconf 85' lang='grc' dir='ltr'>Σ</span> <span class='ocrx_word' id='word_1_302' title='bbox 711 3895 736 3942; x_wconf 85' lang='lat' dir='ltr'><strong>et</strong></span> <span class='ocrx_word' id='word_1_303' title='bbox 758 3905 790 3942; x_wconf 83' lang='lat' dir='ltr'><strong>ec</strong></span> <span class='ocrx_word' id='word_1_304' title='bbox 812 3887 948 3952; x_wconf 87' lang='lat' dir='ltr'><strong>sufficiunt</strong></span> <span class='ocrx_word' id='word_1_305' title='bbox 970 3887 996 3941; x_wconf 79' lang='lat' dir='ltr'><strong><em>V</em></strong></span> <span class='ocrx_word' id='word_1_306' title='bbox 1016 3903 1088 3941; x_wconf 77' lang='lat' dir='ltr'><strong>mart.</strong></span> <span class='ocrx_word' id='word_1_307' title='bbox 1107 3892 1123 3942; x_wconf 87' lang='lat'><strong><em>1</em></strong></span> <span class='ocrx_word' id='word_1_308' title='bbox 1140 3893 1173 3942; x_wconf 80' lang='lat' dir='ltr'><strong>act</strong></span> <span class='ocrx_word' id='word_1_309' title='bbox 1189 3888 1296 3941; x_wconf 76' lang='lat' dir='ltr'><strong>uidetur</strong></span> 
     </span>
     <span class='ocr_line' id='line_1_36' title="bbox 171 3974 1297 4054; baseline -0.004 -24"><span class='ocrx_word' id='word_1_310' title='bbox 171 3977 313 4046; x_wconf 77' lang='lat' dir='ltr'><strong>traguidas</strong></span> <span class='ocrx_word' id='word_1_311' title='bbox 331 3976 358 4029; x_wconf 94' lang='grc' dir='ltr'><strong><em>Β</em></strong></span> <span class='ocrx_word' id='word_1_312' title='bbox 447 3976 479 4030; x_wconf 89' lang='grc'><strong>18</strong></span> <span class='ocrx_word' id='word_1_313' title='bbox 497 3992 551 4047; x_wconf 86' lang='lat' dir='ltr'><strong>qne</strong></span> <span class='ocrx_word' id='word_1_314' title='bbox 568 3994 647 4046; x_wconf 89' lang='lat' dir='ltr'><strong>super</strong></span> <span class='ocrx_word' id='word_1_315' title='bbox 664 3977 691 4031; x_wconf 91' lang='grc' dir='ltr'><strong><em>Β</em></strong></span> <span class='ocrx_word' id='word_1_316' title='bbox 771 3978 803 4030; x_wconf 88' lang='grc'><strong>19</strong></span> <span class='ocrx_word' id='word_1_317' title='bbox 823 3976 1009 4030; x_wconf 64' lang='lat' dir='ltr'><strong>describeres</strong></span> <span class='ocrx_word' id='word_1_318' title='bbox 1093 3977 1127 4030; x_wconf 85' lang='lat'><strong>20</strong></span> <span class='ocrx_word' id='word_1_319' title='bbox 1147 3977 1256 4054; x_wconf 86' lang='lat' dir='ltr'><strong>estimat</strong></span> <span class='ocrx_word' id='word_1_320' title='bbox 1272 3974 1297 4026; x_wconf 90' lang='lat' dir='ltr'><strong><em>B</em></strong></span> 
     </span>
     <span class='ocr_line' id='line_1_37' title="bbox 170 4056 1297 4139; baseline 0.004 -24"><span class='ocrx_word' id='word_1_321' title='bbox 170 4056 647 4122; x_wconf 68' lang='grc' dir='ltr'><strong>.211ιιΒΑΣει-11“ιηαιι.1ιιοιη.</strong></span> <span class='ocrx_word' id='word_1_322' title='bbox 673 4066 847 4139; x_wconf 54' lang='grc' dir='ltr'><strong>ΒΗΜΛ</strong></span> <span class='ocrx_word' id='word_1_323' title='bbox 917 4064 1076 4135; x_wconf 88' lang='lat' dir='ltr'><strong>personaB</strong></span> <span class='ocrx_word' id='word_1_324' title='bbox 1134 4065 1297 4135; x_wconf 68' lang='lat' dir='ltr'><strong>22¹quurB</strong></span> 
     </span>
     <span class='ocr_line' id='line_1_38' title="bbox 171 4144 1194 4223; baseline 0 -16"><span class='ocrx_word' id='word_1_325' title='bbox 171 4153 278 4215; x_wconf 83' lang='lat' dir='ltr'><strong>basiaco</strong></span> <span class='ocrx_word' id='word_1_326' title='bbox 296 4153 362 4208; x_wconf 80' lang='lat' dir='ltr'><strong>A¹R</strong></span> <span class='ocrx_word' id='word_1_327' title='bbox 380 4170 452 4208; x_wconf 82' lang='lat' dir='ltr'><strong>man.</strong></span> <span class='ocrx_word' id='word_1_328' title='bbox 472 4159 495 4218; x_wconf 89' lang='lat'><strong>1,</strong></span> <span class='ocrx_word' id='word_1_329' title='bbox 513 4153 624 4207; x_wconf 90' lang='lat' dir='ltr'><strong>basilico</strong></span> <span class='ocrx_word' id='word_1_330' title='bbox 643 4154 670 4207; x_wconf 94' lang='grc' dir='ltr'><strong><em>Β</em></strong></span> <span class='ocrx_word' id='word_1_331' title='bbox 739 4155 773 4209; x_wconf 80' lang='grc'><strong>23</strong></span> <span class='ocrx_word' id='word_1_332' title='bbox 791 4154 890 4208; x_wconf 85' lang='lat' dir='ltr'><strong>infecto</strong></span> <span class='ocrx_word' id='word_1_333' title='bbox 910 4155 937 4208; x_wconf 94' lang='grc' dir='ltr'><strong><em>Β</em></strong></span> <span class='ocrx_word' id='word_1_334' title='bbox 1007 4169 1075 4223; x_wconf 90' lang='lat' dir='ltr'><strong>quur</strong></span> <span class='ocrx_word' id='word_1_335' title='bbox 1091 4154 1119 4207; x_wconf 92' lang='grc' dir='ltr'><strong><em>Β</em></strong></span> <span class='ocrx_word' id='word_1_336' title='bbox 1192 4144 1194 4148; x_wconf 58' lang='grc'>’</span> 
     </span>
    </p>
   </div>
   <div class='ocr_carea' id='block_1_4' title="bbox 0 0 1456 4672">
    <p class='ocr_par' dir='ltr' id='par_1_4' title="bbox 0 0 1456 4672">
     <span class='ocr_line' id='line_1_39' title="bbox 0 0 1456 4672; baseline 0 1"><span class='ocrx_word' id='word_1_337' title='bbox 0 0 1456 4672; x_wconf 95' lang='lat' dir='ltr'><strong> </strong></span> 
     </span>
    </p>
   </div>
  </div>
 </body>
</html>
