2904 4672
566 273 650 346 spat.
669 275 804 332 nxxxnr
821 277 969 331 nac-eae.
1264 280 1327 344 295

209 472 404 537 decernimus
418 469 495 536 nihil
516 471 588 542 (iu)
606 469 751 534 iniuriam
769 470 822 534 uel
841 469 1097 535 obtrectationem
1114 469 1328 551 probatissimi

206 579 238 641 in
275 576 517 643 calchedonensi
551 575 668 659 synodo
701 576 770 653 uiri,
802 576 861 640 hoc
894 579 947 643 est.
973 575 1159 641 Theodoreti
1191 561 1330 660 episcopi

207 683 304 766 cyrri,
329 683 387 748 sub
410 682 565 748 taxatione
588 682 722 751 nominis
747 683 813 746 eins
833 700 851 745 a
870 701 1025 765 quoquam
1045 682 1111 746 fieri
1129 683 1182 746 uel
1199 683 1329 766 proferri

206 784 272 852 sed
289 787 446 854 custodite
472 788 504 852 in
527 788 671 853 omnibus
695 806 843 870 personae
867 789 933 852 eius
956 788 1139 864 reuerentia,
1164 806 1329 869 quaecum-

174 919 188 960 ε
207 914 266 976 que
285 895 400 976 scripta
417 895 470 958 uel
489 894 634 978 dogmata
653 893 822 958 cuiuslibet
839 893 963 959 nomine
974 895 1095 974 prolata
1109 894 1330 958 sceleratorum

203 1000 342 1065 Nestorii
370 1003 464 1083 atque
491 999 673 1083 Eutychetis
700 1000 939 1064 manifestantur
967 999 1121 1064 erroribus
1150 1017 1327 1077 consonare,

205 1107 503 1171 anathematizamus
531 1109 622 1189 atque
650 1106 842 1171 damnamus.
871 1106 986 1170 etenim
1013 1105 1090 1170 satis
1118 1105 1212 1170 debet
1234 1105 1328 1170 abun·
1352 1096 1415 1160 228

205 1213 304 1295 deque
332 1213 485 1291 sufficere,
511 1212 593 1294 quod
616 1213 796 1276 damnantes
820 1215 913 1294 atque
937 1212 1232 1276 anathematizantes
1256 1229 1328 1276 cnm

203 1319 302 1396 Panlo
335 1319 535 1385 Samosateno
569 1322 601 1383 et
630 1319 754 1382 Bonoso
784 1318 964 1383 Nestorium
998 1321 1029 1382 et
1061 1336 1078 1382 e
1105 1316 1229 1383 diuerso
1257 1336 1328 1381 oum

158 1449 185 1490 ro
204 1425 368 1490 Ualentino
396 1428 491 1507 atque
517 1425 695 1507 Apollinare
723 1424 884 1506 Eutychen
909 1424 1003 1488 simnl
1027 1426 1058 1487 et
1081 1441 1197 1488 errores
1221 1442 1328 1500 eorum

204 1531 344 1612 aliosque
372 1547 479 1622 omnes
507 1529 680 1594 haereticos
704 1549 775 1594 oum
794 1512 995 1612 ¹dogmatibus
1020 1527 1086 1593 suis
1108 1528 1186 1593 illos.
1204 1547 1328 1611 quoque

202 1638 318 1721 pariter·
339 1637 589 1712 condemnamus,
610 1637 664 1717 qni
682 1635 836 1701 erroribus
855 1653 961 1701 eorum
980 1634 1126 1717 impliciti
1144 1638 1176 1700 et
1193 1635 1328 1699 inemen-

203 1743 321 1808 dabiles
352 1744 567 1834 permanentes
599 1742 636 1806 de
667 1741 736 1805 nita
761 1741 933 1822 praesentis
961 1741 1079 1806 saecirli
1105 1741 1327 1825 migrauerunt.

202 1849 356 1933 siquidem
379 1868 434 1932 per
455 1845 514 1914 hoo
536 1849 615 1912 nihil
635 1867 800 1931 peruersae
824 1847 980 1937 doctrinae
1006 1847 1222 1927 relinquimus,
1246 1847 1329 1929 quod

155 1975 260 2020 151101]
283 1956 439 2040 perhanc
463 1955 647 2020 seutentiam
671 1955 761 2020 nobis
779 1955 933 2036 prolatam
955 1973 973 2018 a
996 1956 1104 2018 sancta
1126 1952 1176 2018 dei
1195 1953 1328 2018 eeclesia

201 2061 373 2145 apostolice
394 2062 579 2126 auctoritate
601 2061 777 2126 inueniatur
795 2061 964 2125 exclusum.
983 2079 1092 2125 rursus
1109 2063 1213 2124 tamen
1232 2059 1327 2124 etiam

202 2168 261 2232 hoo
284 2166 460 2250 specialiter
483 2168 652 2232 adicimus:

246 2291 261 2354 Ι
288 2288 331 2354 Ut
358 2290 385 2354 si
409 2291 478 2375 quis
503 2293 626 2355 seruata
647 2290 944 2356 inconuertibilitatc
967 2293 1096 2356 naturae
1119 2291 1242 2354 diuinae
1266 2309 1327 2354 non
1350 2289 1414 2352 229

203 2395 367 2460 confitetur
392 2397 524 2460 uerbum
552 2415 672 2461 caruem
700 2397 819 2460 iactum
847 2399 879 2460 et
906 2415 942 2460 ex
967 2396 1038 2479 ipsa
1064 2395 1265 2478 conceptione
1289 2395 1326 2458 de

153 2528 183 2567 eo
202 2504 290 2567 utero
318 2501 448 2584 uirginis
476 2501 629 2566 humanae
656 2504 783 2566 naturae
811 2501 871 2566 sibi
894 2501 1067 2566 secundnm
1090 2501 1327 2566 subsistentiam

202 2607 309 2672 unisse
345 2607 497 2691 principia
533 2607 587 2672 sed
624 2610 784 2690 tamquam
821 2627 891 2672 oum
926 2608 1071 2673 existenti
1106 2608 1169 2673 iam
1200 2607 1327 2672 homine

202 2710 297 2776 inerit
328 2712 404 2777 deus
435 2713 582 2790 uerbum„
605 2715 642 2777 ut
668 2730 724 2796 per
750 2714 809 2778 hoo
837 2733 896 2778 non
924 2716 1031 2778 sancta
1058 2715 1147 2798 uirgo
1175 2732 1248 2778 uere
1276 2712 1327 2778 dei

203 2817 336 2901 genitrix
367 2837 445 2885 esse
483 2818 628 2893 ¹credatur
668 2819 723 2884 sod
763 2818 858 2884 uerbo
899 2824 992 2884 tenus
1033 2821 1216 2902 appelletur,
1257 2838 1326 2884 ana·

202 2922 309 2987 thema
332 2923 383 2987 sit.
929 2918 931 2921 ’

153 3077 183 3117 ss
246 3046 277 3110 II
305 3045 338 3111 si
366 3047 434 3130 quis
463 3047 635 3112 secundum
658 3049 893 3116 subsistentiam
915 3050 1069 3114 unitatem
1092 3052 1271 3114 naturarum
1293 3050 1325 3114 in
1350 3050 1413 3114 230

204 3151 326 3218 Christo
359 3153 473 3217 iactam
506 3173 574 3218 esse
606 3153 740 3238 denegat
771 3155 825 3219 sed
859 3175 1000 3227 seorsum
1032 3156 1176 3222 existenti
1206 3155 1325 3221 homini

201 3259 362 3339 tamqnam
389 3259 443 3322 uni
469 3260 624 3324 iustorum
650 3260 821 3325 inhabitare
852 3261 944 3326 deum
972 3263 1102 3327 uerbum
1132 3265 1164 3326 et
1190 3279 1250 3326 non
1280 3260 1326 3325 ita

203 3362 367 3427 confitetur
402 3368 580 3430 naturarum
617 3366 790 3431 secundum
826 3367 1062 3432 subsistentiam
1094 3368 1257 3445 unitatem,
1289 3371 1326 3431 ut

203 3468 279 3533 dens
304 3460 437 3535 'uerbum
466 3490 538 3535 oum
561 3470 727 3554 adsumpta
749 3492 920 3537 carneuna
941 3473 1146 3557 permanserit
1166 3491 1325 3555 permana-

154 3609 183 3649 ω
202 3578 294 3657 atque
318 3576 524 3641 subsistentia·
545 3578 611 3643 siue
634 3597 775 3660 persona,
799 3580 961 3643 anathema
984 3579 1035 3644 sit.

238 3904 250 3956 l
279 3905 307 3957 in
326 3904 391 3958 add.
409 3905 478 3958 Bor.
563 3906 579 3959 2
608 3907 823 3962 calchedonensis
847 3907 870 3960 V
954 3911 970 3963 5
999 3908 1126 3977 dogmata
1146 3910 1234 3971 <eiue>
1254 3908 1323 3963 Bar.

203 3993 237 4047 10
254 3993 402 4062 Apollinari
419 3994 488 4050 Bar.
544 3996 723 4058 15<a>uobis
742 3996 812 4049 Bor.
868 3997 899 4050 18
918 3997 1025 4051 sorbete
1043 3996 1069 4049 V
1119 3997 1151 4050 21
1172 4000 1281 4067 taquam
1301 3996 1327 4048 V

201 4081 235 4135 25
257 4096 397 4135 numerum
414 4082 454 4134 Π
468 4088 493 4136 et
514 4085 562 4152 poi
582 4089 731 4152 sequuntur
751 4084 782 4138 in
803 4085 923 4154 carpine
945 4084 1074 4154 adposuit
1096 4084 1123 4138 V
1207 4083 1241 4139 28
1260 4085 1322 4139 sub-

201 4169 325 4222 sistentia·
348 4170 379 4234 V,
398 4186 467 4224 corr.
486 4169 513 4222 ο2
1141 4181 1144 4186 ’
