2904 4672
571 233 656 302 upnt.
675 231 736 288 mv
754 233 771 287 a
791 263 823 272 -
841 232 887 286 uu
904 233 930 287 4.
1245 236 1307 300 123

227 568 285 614 nno
314 540 480 615 uersoorus
508 567 676 615 ruuorurno
699 568 832 614 rourum
860 568 1039 616 remutare
1069 568 1216 636 maruan
1251 568 1308 614 ua·

183 672 291 718 urunrr
316 673 412 719 rouen
438 673 615 720 rnrnuuuro
641 673 761 720 uusnuo
783 674 938 721 rnuuuuro
961 674 1000 720 ur
1014 673 1120 720 ,neruo
1149 674 1307 721 uersoorrs
1412 641 1414 645 ’

183 778 363 827 enarrans.
428 760 555 826 Litteris
587 752 787 828 fraternitatis
817 754 952 838 uestrae,
985 777 1062 844 ques
1094 761 1133 825 ad
1162 779 1213 826 me
1249 760 1307 824 filii

149 864 283 930 anostri
305 865 438 931 Danihel
467 865 629 949 presbyter
660 868 692 930 et
722 865 905 930 Timotheus
921 939 922 942 Ἴ
937 863 1085 930 diaconus
1117 864 1306 943 detulerunt,

185 971 372 1056 cognouisse
394 990 453 1052 me
467 970 598 1056 gaudeo,-
623 965 706 1055 quod
737 970 866 1056 gloriosi
898 973 930 1036 et
957 970 1125 1036 uenerandi
1155 970 1305 1053 principis

183 1075 262 1141 fides
285 1076 474 1160 propheticis
499 1078 531 1143 et
553 1077 744 1162 euangelicis
767 1077 856 1142 unita
878 1073 1025 1143 doctrinis
1055 1077 1094 1141 ad
1120 1079 1245 1155 sanctos
1274 1081 1306 1143 et

184 1180 242 1246 deo
283 1183 416 1264 placitos
457 1181 698 1266 dispositionum
737 1201 864 1248 suarum
903 1182 1045 1266 peruenit
1084 1183 1225 1262 effectus,
1269 1185 1307 1247 ut

184 1288 402 1354 omentissimo
433 1288 657 1354 Alexandrinas
688 1288 838 1355 ecclesiae
869 1307 1035 1372 peruasore
1064 1276 1183 1354 deiecto
1215 1291 1247 1353 et
1272 1287 1307 1353 iu

136 1417 165 1458 ro
185 1392 404 1476 longinquiora
437 1395 590 1460 translato
627 1392 755 1477 dignum
793 1413 851 1458 sua
893 1393 1114 1478 gubernatione
1153 1397 1305 1472 rectorem

182 1498 282 1564 totius
297 1499 436 1592 ciuitatis
449 1502 664 1574 me<re>retur
682 1499 803 1578 electio,
818 1499 857 1564 ad
871 1500 1032 1564 ouiusuos
1043 1500 1305 1566 consecrationem

182 1604 290 1669 nullus
313 1605 450 1670 ambitus
473 1606 619 1684 traheret,
642 1606 729 1670 nulla
751 1604 864 1671 seditio
886 1605 1070 1689 impelleret,
1089 1606 1176 1671 nulla
1193 1606 1304 1688 iniqui-

181 1713 232 1776 tas
255 1710 409 1790 incitaret,
443 1711 498 1776 sed
527 1710 557 1774 in
597 1710 700 1776 medio
733 1708 921 1776 constitutae
951 1711 1097 1777 meritum
1124 1701 1304 1778 'sanctitatis

183 1836 255 1882 eum
278 1817 400 1882 cunctis
422 1836 482 1882 non
506 1816 662 1882 dubitaret
683 1835 880 1900 praeponere,
904 1835 997 1900 quem
1025 1817 1090 1882 sibi
1114 1818 1303 1884 uniuersitas

136 1926 310 2005 recuperet
346 1922 532 2005 praesidere.
599 1923 681 1988 uude
716 1922 838 1988 reddita
872 1923 997 2006 populis
1035 1921 1218 1989 Christianis
1255 1925 1304 1989 dei
1324 1920 1347 1995 2

182 2047 259 2112 pace
290 2029 462 2113 gaudentes
495 2024 750 2094 commendamus
781 2029 872 2094 uobis
904 2029 1039 2094 inuicem
1072 2029 1171 2094 uestri
1202 2029 1304 2113 operis

183 2133 377 2218 dignitatem,
398 2139 438 2201 ‘ut
458 2135 605 2220 religiose
627 2154 682 2220 per
705 2134 806 2201 omnia
829 2135 988 2200 ordinatus
1011 2136 1149 2200 antistes·
1170 2133 1304 2200 fraterno

183 2259 216 2305 se
239 2239 340 2305 iuuari
370 2241 544 2324 experiat-ur·
571 2242 705 2307 adsensu
735 2245 767 2307 et
796 2240 835 2306 ad
864 2240 1015 2306 abolenda
1041 2240 1197 2318 scandala,
1226 2259 1304 2323 quae

181 2365 264 2411 error
293 2347 469 2412 haereticus
499 2348 637 2423 exitaret,
669 2347 885 2431 cooperatione
914 2349 1020 2412 uestra
1049 2346 1184 2431 gaudeat
1218 2345 1303 2411 adiu·

136 2452 259 2518 sonari.
328 2455 452 2518 extruso
473 2453 564 2532 enim,
580 2453 634 2537 qui
653 2453 793 2519 imitator
807 2453 923 2519 diaboli
941 2453 1001 2518 fuit
1020 2456 1053 2518 et
1070 2453 1107 2517 in
1126 2452 1303 2517 ueritate
1328 2452 1347 2512 3

181 2561 255 2624 non
286 2558 408 2624 stetit
429 2560 511 2624 male
539 2562 631 2625 utens
661 2559 765 2643 specie
793 2558 918 2642 peruasi
939 2559 1067 2625 honoris
1098 2565 1129 2624 et
1158 2557 1302 2636 nominis,

182 2664 336 2749 congruit,
371 2667 408 2729 ut
436 2664 640 2730 Alexandrina
669 2664 801 2730 ecclesia
830 2684 900 2730 eum
929 2667 1094 2730 ueneretur
1122 2667 1155 2729 et
1183 2659 1303 2749 diligat,

182 2789 276 2853 quem
303 2772 335 2835 et
364 2770 519 2853 probitate
550 2789 672 2836 morum
695 2774 727 2837 et
752 2771 933 2856 integritate
960 2771 1131 2837 catholicae
1158 2769 1231 2834 fidei
1258 2769 1303 2834 di-

182 2894 279 2960 gnum
297 2879 384 2942 tanto
404 2877 576 2942 sacerdotio
597 2876 821 2960 comprobauit.
868 2876 919 2942 cui
936 2882 1065 2942 mutuae
1083 2876 1220 2942 caritatis
1240 2876 1302 2958 ple·
1363 2952 1365 2957 Α

139 3005 165 3048 rs
181 3000 256 3072 num
288 2982 385 3046 animi
415 2984 513 3049 nostri
544 2983 729 3065 praebemus
762 2983 922 3049 adlectum
952 2981 1160 3059 cohortantes,
1192 2981 1301 3045 fratres

181 3086 348 3165 karissimi,
372 3091 405 3153 et
425 3088 612 3154 fiducialiter
635 3088 802 3172 exigentes,
824 3091 862 3154 ut
882 3089 914 3152 in
943 3087 1172 3171 praedicatione
1202 3087 1300 3165 uerbi,

181 3192 213 3256 in
251 3193 422 3259 eruditione
457 3193 616 3278 praecepti
650 3193 737 3260 illam
772 3194 903 3260 formam
935 3191 1119 3259 custodiatis
1152 3192 1300 3270 caritatis,

183 3298 249 3370 sino
282 3318 344 3382 qua
378 3301 483 3365 nullae
518 3303 652 3383 possunt
684 3299 832 3382 prodesse
864 3299 1008 3365 uirtutes.
1075 3298 1159 3382 quod
1196 3298 1344 3364 antemi

266 3551 302 3607 20
320 3549 377 3604 Ioh.
396 3549 420 3616 8,
438 3539 487 3604 44'

216 3675 264 3731 bd.
301 3674 368 3730 Dat.
386 3680 417 3728 ut
435 3691 474 3743 cp.
496 3677 541 3729 53.
612 3677 654 3730 Dc
671 3675 834 3730 editionibus
850 3674 914 3728 uide
931 3689 970 3743 ep.
992 3675 1033 3728 51.
1095 3672 1246 3728 2Danihel
1267 3672 1299 3735 V,

180 3777 248 3818 cerr.
268 3781 286 3814 α
302 3778 375 3817 maa.
389 3768 466 3831 post
516 3764 707 3834 tcognonisse
729 3763 761 3829 V,
779 3779 880 3818 come
933 3760 1005 3817 art
1022 3779 1049 3815 e:
1068 3777 1103 3815 ua
1125 3761 1151 3815 V
1201 3764 1298 3832 9per·

181 3867 288 3906 uasorer
311 3851 342 3916 V,
361 3867 429 3905 corr.
448 3849 475 3902 0²
528 3851 565 3905 11*
578 3855 696 3907 meretur
717 3852 748 3917 V,
767 3867 834 3907 corr.
854 3849 881 3921 ρ2
934 3849 1131 3907 lii‘constituta
1144 3850 1297 3904 meritorum

180 3941 323 3994 sanchtate
341 3936 406 3994 Scor.
495 3939 527 3992 17
550 3937 681 3993 maternos
699 3939 802 3993 oiuuari
824 3938 851 3992 V
935 3937 968 3993 18
992 3935 1124 3991 obolenda
1146 3935 1179 4000 V,
1196 3951 1299 4005 comp

180 4029 215 4083 20
232 4029 354 4082 imitatur
371 4027 402 4093 V,
421 4043 516 4082 corno
570 4029 603 4082 23
621 4028 755 4098 prouitate
772 4025 799 4080 V
867 4027 901 4081 25
919 4025 1052 4081 adiectum
1071 4040 1103 4078 cc
1120 4023 1256 4093 adieptum
1275 4023 1300 4076 V

179 4106 917 4185 WWMVmfiffimep
