2904 4672
177 255 241 317 386
468 250 591 306 Gelasins
609 253 631 306 I.
651 254 685 307 ad
703 255 842 324 episcopos
859 254 1013 309 Dardaniae

144 437 392 526 'imperatorem
426 451 566 528 possent,
605 466 684 529 qnae
719 447 865 530 religioni
900 450 1110 530 conpeterent,
1153 449 1307 533 allegari?

174 570 245 615 nam
264 551 291 615 si
305 552 488 630 Basiliscus,
504 555 541 616 ut
554 552 673 620 dictum
692 556 751 632 est,
766 557 916 638 tyrannus
935 557 967 617 et
983 553 1159 619 haereticus
1180 536 1305 637 seriptis

175 658 365 740 apostolicae
406 659 489 722 sedis
526 659 728 724 uehementer
762 660 914 725 infractus
951 662 1000 724 est
1035 664 1068 724 et
1105 678 1124 723 a
1160 661 1304 743 plurimis

123 763 164 826 48
173 768 340 829 reuocatus
369 765 559 842 excessibus,
588 779 703 846 quanto
731 766 834 850 magis
861 765 1025 849 legitimus
1047 764 1228 847 imperator,
1252 767 1304 848 qui

174 888 208 934 se
245 870 435 934 catholicum
471 870 570 934 uideri
607 871 742 949 nolebat,
779 871 884 954 potnit
918 890 992 938 oum
1028 871 1202 953 apostoliea
1233 872 1304 937 sede
1331 896 1344 936 a

174 979 357 1040 cunctorum
385 994 507 1058 qnoque
534 977 719 1059 pontificum
746 976 907 1042 moderata
928 977 1131 1061 suggestione
1154 976 1302 1060 mitigari,

172 1082 337 1164 praecipue
361 1101 433 1146 eum
456 1081 597 1146 eiusdem
619 1083 728 1147 Aeacii
746 1085 830 1147 esset
848 1083 993 1165 specialis
1011 1083 1117 1147 fautor
1135 1085 1168 1147 et
1185 1085 1304 1147 amator

173 1191 205 1250 et
218 1187 271 1268 qui
284 1187 399 1252 litteris
418 1187 485 1252 suis
503 1192 567 1251 tam
585 1189 691 1270 ipsum
710 1189 859 1254 Acacium
879 1199 970 1270 qnam
990 1192 1116 1253 sanctae
1134 1189 1302 1252 memoriae

171 1312 284 1375 papam
308 1293 505 1376 Simplicium
528 1295 650 1379 magnis
673 1294 821 1360 laudibus
845 1296 995 1360 extulisse
1018 1294 1192 1371 doceretur,
1220 1294 1301 1375 qnod

172 1399 335 1464 haereticis
354 1399 607 1464 constantissime
625 1401 818 1466 restitisset?
838 1420 893 1465 eur
909 1404 995 1466 tanto
1014 1403 1155 1482 tempore
1169 1398 1301 1465 Aeacius
1318 1427 1342 1466 ro

172 1507 252 1569 inter
268 1505 331 1569 ista
349 1505 511 1581 conticuit,
530 1505 590 1570 nisi
610 1506 683 1588 quia
700 1507 875 1589 praepediri
891 1507 1017 1572 nolebat
1034 1505 1203 1582 ullatenus,
1222 1523 1300 1588 quae
1328 1488 1330 1494 ⁸

171 1630 226 1693 pro
249 1609 416 1675 haereticis
439 1610 637 1676 desiderabat
658 1611 806 1693 impleri?

119 1722 161 1785 49
214 1717 373 1781 Ponamus
401 1720 505 1781 tamen
534 1717 658 1781 etiamsi
685 1719 772 1782 nulla
794 1718 931 1802 synodus
954 1716 1187 1800 praecessisset,
1211 1718 1299 1783 cuins

171 1823 343 1905 apostolica
374 1823 463 1887 sedes
485 1825 578 1897 reete
609 1823 697 1888 lieret
729 1824 899 1890 executrix:
928 1842 999 1888 cum
1027 1823 1142 1904 quibus
1170 1826 1237 1888 erat
1263 1823 1299 1888 de

169 1929 283 1994 hcaeio
312 1928 448 2011 synodus
476 1929 633 1996 ineunda?
660 1930 813 2012 numquid
840 1950 911 1994 enm
938 1930 997 2007 his,
1026 1930 1080 2011 qni
1111 1929 1175 1993 iam
1207 1929 1299 2013 parti·
1315 1954 1340 1994 re

170 2035 255 2118 cipes
290 2034 476 2099 tenebantur
510 2035 624 2099 Aeaeio
664 2039 696 2099 et
730 2054 786 2117 per
809 2034 968 2103 Orientem
999 2037 1100 2099 totum
1135 2035 1298 2100 catholicis

171 2141 385 2205 sacerdotibus
413 2141 566 2204 uiolenter
593 2141 727 2205 exclusis
754 2160 869 2224 perque
893 2141 985 2205 exilia
1001 2141 1130 2205 diuersa
1151 2143 1299 2225 relegatis

171 2247 249 2312 socii
276 2245 436 2309 euidenter
462 2246 526 2310 exis
528 2247 636 2310 tabant
662 2247 889 2310 communionis
917 2249 1068 2323 externae,
1092 2247 1180 2329 prins
1204 2266 1239 2312 se
1261 2247 1299 2311 ad

170 2353 246 2416 haee
283 2352 439 2416 consortia
473 2352 660 2416 transferent
647 2355 695 2416 tes
733 2371 826 2434 quam
867 2352 951 2417 sedis
991 2351 1181 2434 apostoheae
1222 2353 1301 2417 seita

119 2458 160 2521 50
171 2459 390 2523 consulerent
413 2476 486 2522 eum
509 2458 622 2539 quibus
642 2477 717 2541 ergo
737 2462 803 2521 erat
821 2458 958 2540 synodus
976 2457 1133 2522 ineunda?
1153 2456 1300 2524 catholici
1316 2484 1339 2525 ao

170 2563 332 2649 pontifices
364 2562 486 2627 fuerant
472 2563 695 2645 tundique
686 2583 749 2628 ram
782 2563 905 2646 depulsi
937 2564 1058 2645 solique
1088 2567 1301 2629 remanserant

170 2671 248 2736 socii
279 2668 477 2752 perfidorum,
511 2686 582 2734 cnm
614 2669 729 2752 quibus
760 2669 823 2732 iam
854 2688 910 2733 nee
941 2669 1057 2735 licebat
1087 2670 1202 2733 habere
1231 2689 1300 2735 eon-

169 2779 310 2851 nentum,
339 2774 413 2855 qnia
439 2775 534 2840 moris
564 2775 772 2839 ecelesiastici
800 2773 923 2839 omnino
951 2794 1012 2839 non
1035 2778 1121 2840 esset
1142 2794 1215 2840 cum
1239 2775 1299 2853 his,

170 2882 226 2964 qui
247 2881 401 2962 pollutam
425 2880 674 2945 communionem
697 2882 839 2944 tenerent
864 2880 1108 2962 permixtamque
1136 2898 1210 2945 enm
1232 2900 1300 2962 per·-

205 3086 317 3143 ldenm
336 3088 400 3154 (pro
417 3086 614 3154 imperatorem)
635 3086 662 3139 Β
721 3102 788 3155 quae
806 3089 915 3155 possent
934 3091 999 3154 trsp.
1018 3086 1044 3139 Β
1061 3090 1175 3140 man.2
1229 3106 1308 3142 eom·‚

169 3179 292 3247 peterent
317 3174 420 3229 ΒΣΑΒ
434 3190 507 3228 man.
536 3179 565 3227 1:
596 3176 738 3242 conpetere
768 3173 798 3246 V,
827 3177 975 3242 competere
1007 3174 1100 3228 debuit
1127 3175 1156 3231 R
1182 3193 1258 3231 man.
1280 3163 1320 3230 2'

169 3265 275 3333 alligari
297 3264 330 3317 in
351 3262 467 3331 allegare
489 3263 611 3316 mutauit
629 3262 656 3317 R
678 3264 791 3316 mam
878 3261 1031 3319 2basisens
1049 3263 1077 3318 R
1094 3263 1303 3319 mese.1A¹A⁸

168 3356 276 3407 meai
342 3351 522 3421 3instrnctns
540 3351 575 3415 B,
594 3346 753 3404 infestnsA
820 3352 888 3405 5en
909 3348 941 3415 V,
961 3366 1020 3404 enm
1037 3349 1066 3406 B
1132 3353 1255 3423 amagis
1272 3353 1299 3406 Β

167 3440 272 3510 magnis
290 3438 415 3493 laudibus
432 3455 483 3493 cm.
501 3440 529 3494 R
626 3438 766 3492 extulisset
788 3436 815 3490 V
908 3438 1032 3493 extulisse
1049 3440 1155 3508 magnis
1174 3440 1297 3496 laudibus

168 3536 233 3598 trsp.
252 3530 279 3581 A
364 3526 436 3596 qnod
453 3527 543 3581 Bate
562 3542 615 3597 qno
638 3526 688 3582 VR
757 3527 790 3580 10
808 3526 939 3580 restitisse
957 3526 993 3590 B,
1010 3528 1177 3583 restitissent
1193 3530 1221 3583 Δ
1240 3545 1300 3584 eum

164 3622 248 3686 parte
265 3616 376 3670 coeat
447 3616 554 3685 qnan
604 3616 637 3669 12
657 3615 789 3684 explerill
840 3616 872 3669 13
888 3615 968 3668 etiam
986 3632 1016 3684 sy
1029 3615 1056 3667 Β
1107 3617 1141 3670 14
1159 3617 1231 3671 sedis
1248 3618 1296 3671 VB

88 3765 93 3773 ,
168 3710 241 3759 reeta
259 3705 285 3756 Β
356 3705 432 3758 fieret
454 3704 505 3759 VR
522 3721 596 3759 mare.
615 3708 631 3756 1
648 3703 717 3757 AB:
736 3707 807 3757 esset
825 3703 873 3757 alc
890 3708 1000 3757 oron.2
1051 3704 1083 3756 15
1101 3707 1248 3774 participes
1266 3723 1296 3760 ece

168 3794 302 3862 particeps
321 3808 388 3846 eorr.
412 3792 439 3845 V
452 3798 564 3846 meaa
608 3793 641 3846 16
660 3793 742 3846 acacii
759 3793 787 3846 Β
842 3792 980 3845 catholicis
999 3808 1031 3845 ex
1049 3793 1176 3846 catholici
1190 3810 1257 3848 corr.
1274 3793 1302 3846 V

168 3897 243 3937 man.
261 3885 286 3944 2,
306 3881 452 3935 catholicae
471 3881 498 3934 Β
552 3882 584 3935 17
603 3897 651 3950 per
668 3897 736 3950 quae
754 3880 781 3933 B
852 3881 972 3948 religatis
989 3880 1045 3934 BA
1100 3881 1133 3934 18
1152 3883 1295 3936 eommuni-

169 3969 226 4022 onis
249 3969 305 4023 Vll:
325 3970 469 4022 eommunis
487 3968 522 4030 Β,
541 3969 678 4038 religionis
696 3969 751 4024 Ra
831 3969 863 4022 21
883 3969 999 4038 episcopi
1019 3970 1083 4036 (pro
1101 3971 1252 4039 pontifices)
1269 3971 1295 4024 A

168 4056 222 4108 iam
240 4072 290 4112 om.
309 4057 335 4110 B
407 4057 510 4126 depulsi
529 4072 562 4109 ec
579 4057 679 4126 sepulsi
697 4072 765 4111 cerr.
784 4057 811 4110 Β
895 4057 928 4109 22
948 4057 1010 4115 socii
1029 4072 1081 4111 em.
1101 4058 1148 4125 B¹
1202 4060 1295 4127 quibus

169 4160 229 4196 nam
247 4161 296 4198 nec
313 4144 382 4198 libet
398 4146 426 4199 Β
479 4147 512 4199 23
530 4146 611 4198 moris
630 4161 663 4199 ex
680 4144 823 4199 morsisV
865 4145 900 4199 24
917 4148 1022 4198 teneret
1039 4146 1253 4217 permixtumque
1270 4147 1298 4200 Β
