2904 4672
517 230 605 302 Epist.
625 232 662 287 IV
681 234 697 286 2
716 263 749 272 -
767 230 820 285 VII
838 233 862 286 2.

409 571 460 615 UBI
483 560 638 615 uenustus
658 570 805 616 sammua
828 570 968 617 SIGININI.

173 663 424 739 usnsurrursuus
447 693 566 738 uranus
589 694 628 738 ur
648 693 823 738 unsrmuus
841 695 1062 741 nuaurnxrsro
1081 696 1110 742 n.
1131 697 1158 739 u.
1181 677 1252 741 Dis-

129 781 281 846 sensieuis
304 784 429 846 auctore
442 781 575 862 vsublato
600 781 699 844 omnis
723 799 817 845 causa
836 780 1007 846 discordiae
1027 783 1175 864 sopienda
1193 786 1251 861 ost,

96 905 166 950 one
198 885 303 968 aliqua
333 889 476 951 manente
508 887 638 951 materia
667 887 745 950 nihil
775 887 876 969 prosit
905 906 921 951 c
948 887 1051 953 medio
1084 889 1252 954 sustulisse

128 992 270 1056 fomitem
291 992 474 1077 iurgiomm,
497 993 691 1057 Praetextato
713 1011 822 1075 parcns
846 993 1009 1056 karissime
1033 995 1126 1076 atque
1150 1013 1252 1059 aman·

127 1097 259 1170 tissime.
328 1117 422 1180 quam
445 1098 484 1162 ob
507 1117 572 1162 rem
594 1099 752 1181 praecelsa
774 1098 951 1163 sublimitas
978 1101 1035 1191 tua
1057 1097 1253 1164 defensorum
1277 1102 1296 1166 2

129 1204 278 1269 ecclesiae
314 1204 400 1270 urbis
432 1205 548 1269 Romae
585 1206 652 1270 siue
682 1205 810 1270 Damasi
847 1224 951 1269 sacrae
986 1205 1065 1289 legis
1103 1206 1252 1271 antistitis

127 1311 278 1392 petitione
309 1312 480 1393 perspecta,
505 1329 567 1393 qua
598 1330 660 1375 una
690 1313 813 1375 tantum
845 1329 880 1374 ex
912 1310 1052 1374 ecclesiis
1081 1311 1253 1377 catholicas

81 1441 110 1480 ιο
128 1414 287 1499 religionis
320 1415 469 1498 obsequio
493 1435 511 1479 a
533 1416 788 1481 dissentientibus
821 1416 921 1481 adhuc
953 1416 1067 1480 dicitur
1089 1410 1252 1494 retentari,

130 1521 276 1601 queniam
297 1541 352 1603 pro
375 1521 501 1603 publica
523 1521 690 1585 sedulitate
712 1512 914 1585 metuendum
932 1522 989 1597 est,
1009 1539 1047 1585 ue
1066 1520 1164 1603 aliqui
1182 1521 1252 1586 hinc

128 1627 242 1690 iterum
264 1629 420 1691 tumultus
445 1627 570 1703 oriatur,
594 1626 844 1709 quandoquidem
865 1646 925 1690 non
948 1645 1046 1708 parua
1068 1626 1111 1690 sit
1133 1638 1253 1709 separa·

129 1731 223 1796 tioms
247 1731 376 1816 effigies,
406 1733 433 1796 si
459 1733 505 1796 ita
532 1733 650 1815 aliqrdd
676 1734 804 1815 putetur
827 1732 1001 1809 obclusum,
1025 1732 1160 1798 Damaso
1184 1752 1253 1798 cam

128 1837 251 1903 iubebit
273 1838 393 1920 aperiri,
417 1840 454 1903 ut
476 1839 592 1922 singuli
614 1838 814 1920 uniuersique
842 1842 1040 1922 cognoscant,
1064 1858 1124 1921 que
1148 1838 1252 1904 unitas

83 1965 111 2004 15
130 1943 235 2007 studio
259 1943 302 2007 sit
324 1944 461 2018 colenda,
482 1963 543 2025 qua
566 1943 708 2008 omnibus
726 1961 802 2024 pace
821 1943 1001 2020 uiuendum,
1021 1962 1093 2007 cum
1113 1943 1252 2008 ecclesiis

130 2049 286 2113 restitutis
312 2049 526 2132 plenissimam
552 2048 693 2130 postulet
724 2049 921 2133 congregatio
953 2049 1069 2130 ubique
1100 2050 1254 2131 permissa

132 2154 337 2219 concordiam.

300 2525 341 2569 Du
364 2525 570 2570 EXPELLENDIS
595 2525 692 2571 sucus
716 2526 819 2570 URSINI
841 2527 941 2571 utura
964 2525 1076 2571 nonu.

83 2654 114 2694 co
174 2649 250 2707 mnu
276 2642 410 2693 loeusrr
437 2649 657 2693 rumrnxusnc
681 2650 710 2694 P.
733 2649 763 2694 u.
807 2631 852 2694 Ea
878 2630 968 2694 nobis
992 2632 1041 2693 est
1061 2629 1167 2693 innata
1189 2647 1254 2694 mo·
1339 2684 1342 2690 s

132 2735 257 2812 doratio,
285 2739 322 2799 ut
347 2735 506 2817 publicam
533 2736 736 2818 disciplinam,
760 2737 827 2799 sinc
860 2736 1045 2816 cuiusquam
1078 2733 1254 2798 calamitate

130 2841 249 2905 munire
272 2841 445 2923 cupiamus.
511 2842 617 2923 itaque
641 2843 786 2924 quoniam
809 2841 1111 2907 animaduersionum
1140 2839 1254 2903 occasi·
1278 2851 1297 2912 2

131 2945 242 3009 onibus
265 2965 324 3009 non
347 2945 501 3024 fouemus,
520 2945 625 3011 Ursini
648 2947 741 3013 sociis
766 2947 980 3022 administris,
1001 2964 1079 3027 quos
1097 2944 1256 3026 praecelsa

131 3051 308 3115 sublimitas
322 3054 378 3115 tua
390 3055 515 3133 propter
530 3053 670 3134 quietem
689 3052 774 3117 urbis
794 3054 935 3116 aeternae
954 3049 1111 3114 demedio
1130 3049 1256 3131 putauit

80 3181 113 3221 aa
131 3175 199 3221 csse
231 3156 396 3235 tollendos,
428 3157 527 3222 Roma
559 3161 690 3234 tantum,
723 3159 813 3229 cuius
845 3158 1063 3241 tranquillitati
1101 3156 1254 3234 studetur,

165 3400 194 3452 6.
240 3399 308 3453 Dat.
326 3404 391 3466 post
415 3399 484 3452 diem
506 3403 542 3453 16
563 3399 703 3453 Novembr.
728 3403 788 3453 367
810 3406 834 3453 et
858 3405 921 3453 arcte
947 3400 1017 3453 diem
1039 3404 1074 3453 12
1096 3401 1161 3453 Ion.
1187 3403 1253 3454 368.

129 3487 202 3542 aaa
220 3487 288 3542 aar.
308 3487 347 3540 aa
360 3503 385 3540 a.
402 3489 468 3550 scs,
482 3491 515 3552 2,·
532 3487 640 3541 Hamas
656 3487 734 3556 sora.
749 3487 811 3556 aa.
827 3491 890 3543 aaa.
928 3471 999 3557 apa
1012 3487 1038 3541 v
1070 3473 1213 3558 op'na'a'
1225 3487 1256 3541 u·

129 3579 154 3627 et
170 3575 210 3628 sic
226 3574 337 3642 saepius
390 3576 404 3627 7
424 3575 571 3629 defensoris
588 3576 658 3629 Bur.
712 3578 729 3629 9
748 3593 779 3629 ex
798 3576 916 3629 ecclesiis
934 3577 989 3642 (scel
1008 3575 1129 3644 ccclesia)
1149 3576 1244 3646 Meyer

130 3677 160 3714 er
178 3663 305 3716 ecclesiae
330 3662 358 3726 V,
378 3663 489 3716 ecclesia
508 3680 538 3716 ex
555 3665 624 3720 Bar,
681 3665 710 3718 ll
732 3664 828 3732 aliquis
842 3665 909 3718 Bar.
969 3665 1002 3718 16
1022 3665 1255 3733 congregationem

129 3748 156 3802 ο2
225 3751 355 3819 promissa
374 3751 513 3806 concordia
539 3752 566 3818 V,
585 3769 652 3806 corr.
672 3753 828 3822 Petschenig

166 3839 192 3892 7.
227 3837 295 3892 Dar.
315 3839 492 3894 dic12Icn.
513 3843 580 3895 368.
634 3841 708 3896 Edu.
726 3841 795 3897 Bur.
816 3842 855 3895 ad
872 3858 898 3894 a.
919 3843 986 3906 368,
1001 3844 1034 3906 3;
1051 3841 1161 3895 Haeael
1175 3840 1253 3909 Gorg.

129 3926 192 3997 Lag.
211 3930 277 3981 223.
332 3929 365 3982 21
385 3926 492 3991 fine'V,
511 3945 578 3983 corr.
598 3947 614 3979 α
667 3929 701 3983 22
720 3929 979 3983 animaduersionum
1000 3930 1182 3983 occasionibus
1202 3930 1257 3997 (scel

131 4014 374 4069 animaduersurum
394 4016 571 4070 occisionibus
589 4033 636 4070 aeas
655 4016 802 4085 occasibus)
821 4017 930 4087 Meyer:
952 4017 1194 4094 animaduersurum
1214 4033 1257 4070 oc·

129 4103 280 4159 caesionibus
303 4103 329 4155 V
377 4105 411 4158 25
429 4091 529 4159 romam
553 4105 585 4168 V,
604 4121 671 4160 corr.
693 4104 729 4158 ο27

180 4228 269 4269 xxxv.
294 4265 299 4273 ,
1151 4214 1169 4266 4
