<?xml version="1.0" encoding="UTF-8"?>
<!DOCTYPE html PUBLIC "-//W3C//DTD XHTML 1.0 Transitional//EN"
    "http://www.w3.org/TR/xhtml1/DTD/xhtml1-transitional.dtd">
<html xmlns="http://www.w3.org/1999/xhtml" xml:lang="en" lang="en">
 <head>
  <title>
</title>
<meta http-equiv="Content-Type" content="text/html;charset=utf-8" />
  <meta name='ocr-system' content='tesseract 3.04.00' />
  <meta name='ocr-capabilities' content='ocr_page ocr_carea ocr_par ocr_line ocrx_word'/>
</head>
<body>
  <div class='ocr_page' id='page_1' title='image "./epistulaeimpera01gngoog_0210.png"; bbox 0 0 2904 4672; ppageno 0'>
   <div class='ocr_carea' id='block_1_1' title="bbox 598 200 1322 271">
    <p class='ocr_par' dir='ltr' id='par_1_1' title="bbox 598 200 1322 271">
     <span class='ocr_line' id='line_1_1' title="bbox 598 200 1322 271; baseline 0.019 -17"><span class='ocrx_word' id='word_1_1' title='bbox 598 200 685 271; x_wconf 76' lang='lat' dir='ltr'>nprst.</span> <span class='ocrx_word' id='word_1_2' title='bbox 703 201 837 254; x_wconf 84' lang='lat' dir='ltr'>xxxxvr</span> <span class='ocrx_word' id='word_1_3' title='bbox 855 201 949 255; x_wconf 83' lang='lat'>5-10.</span> <span class='ocrx_word' id='word_1_4' title='bbox 1261 203 1322 267; x_wconf 83' lang='lat'>105</span> 
     </span>
    </p>
   </div>
   <div class='ocr_carea' id='block_1_2' title="bbox 153 394 1373 2278">
    <p class='ocr_par' dir='ltr' id='par_1_2' title="bbox 153 394 1373 2278">
     <span class='ocr_line' id='line_1_2' title="bbox 196 394 1323 476; baseline 0.001 -19"><span class='ocrx_word' id='word_1_5' title='bbox 196 394 234 458; x_wconf 93' lang='lat' dir='ltr'>id</span> <span class='ocrx_word' id='word_1_6' title='bbox 260 396 311 459; x_wconf 89' lang='lat' dir='ltr'>est</span> <span class='ocrx_word' id='word_1_7' title='bbox 332 394 489 459; x_wconf 79' lang='lat' dir='ltr'><strong>Timasius</strong></span> <span class='ocrx_word' id='word_1_8' title='bbox 518 396 550 458; x_wconf 90' lang='lat' dir='ltr'>et</span> <span class='ocrx_word' id='word_1_9' title='bbox 571 394 714 473; x_wconf 86' lang='lat' dir='ltr'>Iacobus,</span> <span class='ocrx_word' id='word_1_10' title='bbox 744 394 797 476; x_wconf 86' lang='lat' dir='ltr'>qui</span> <span class='ocrx_word' id='word_1_11' title='bbox 825 394 940 476; x_wconf 83' lang='lat' dir='ltr'>scripta</span> <span class='ocrx_word' id='word_1_12' title='bbox 963 394 1124 476; x_wconf 82' lang='lat' dir='ltr'>quaedam,</span> <span class='ocrx_word' id='word_1_13' title='bbox 1147 397 1185 458; x_wconf 90' lang='lat' dir='ltr'>ut</span> <span class='ocrx_word' id='word_1_14' title='bbox 1207 411 1323 458; x_wconf 86' lang='lat' dir='ltr'>assere·</span> 
     </span>
     <span class='ocr_line' id='line_1_3' title="bbox 196 500 1322 584; baseline -0.002 -19"><span class='ocrx_word' id='word_1_15' title='bbox 196 501 302 577; x_wconf 88' lang='lat' dir='ltr'>batur,</span> <span class='ocrx_word' id='word_1_16' title='bbox 326 504 400 567; x_wconf 52' lang='lat'>22⁴?</span> <span class='ocrx_word' id='word_1_17' title='bbox 416 515 481 565; x_wconf 76' lang='lat' dir='ltr'>‘uos</span> <span class='ocrx_word' id='word_1_18' title='bbox 505 501 647 576; x_wconf 87' lang='lat' dir='ltr'>conicite,</span> <span class='ocrx_word' id='word_1_19' title='bbox 671 500 708 577; x_wconf 90' lang='lat' dir='ltr'>si,</span> <span class='ocrx_word' id='word_1_20' title='bbox 733 501 786 582; x_wconf 80' lang='lat' dir='ltr'>qui</span> <span class='ocrx_word' id='word_1_21' title='bbox 809 500 884 565; x_wconf 89' lang='lat' dir='ltr'>talia</span> <span class='ocrx_word' id='word_1_22' title='bbox 905 501 937 564; x_wconf 90' lang='lat' dir='ltr'>in</span> <span class='ocrx_word' id='word_1_23' title='bbox 962 501 1034 565; x_wconf 91' lang='lat' dir='ltr'>sede</span> <span class='ocrx_word' id='word_1_24' title='bbox 1058 500 1230 584; x_wconf 87' lang='lat' dir='ltr'>apostolica</span> <span class='ocrx_word' id='word_1_25' title='bbox 1253 518 1322 564; x_wconf 86' lang='lat' dir='ltr'>oon-</span> 
     </span>
     <span class='ocr_line' id='line_1_4' title="bbox 196 605 1323 690; baseline 0.001 -21"><span class='ocrx_word' id='word_1_26' title='bbox 196 605 337 684; x_wconf 85' lang='lat' dir='ltr'>fitentur,</span> <span class='ocrx_word' id='word_1_27' title='bbox 360 607 415 671; x_wconf 87' lang='lat' dir='ltr'>illa</span> <span class='ocrx_word' id='word_1_28' title='bbox 438 626 516 688; x_wconf 90' lang='lat' dir='ltr'>quae</span> <span class='ocrx_word' id='word_1_29' title='bbox 539 607 577 671; x_wconf 93' lang='lat' dir='ltr'>de</span> <span class='ocrx_word' id='word_1_30' title='bbox 599 606 698 671; x_wconf 89' lang='lat' dir='ltr'>isdem</span> <span class='ocrx_word' id='word_1_31' title='bbox 723 627 741 671; x_wconf 92' lang='lat' dir='ltr'>a</span> <span class='ocrx_word' id='word_1_32' title='bbox 762 608 867 690; x_wconf 90' lang='lat' dir='ltr'>prauis</span> <span class='ocrx_word' id='word_1_33' title='bbox 891 625 926 671; x_wconf 86' lang='lat' dir='ltr'>ac</span> <span class='ocrx_word' id='word_1_34' title='bbox 949 608 1074 672; x_wconf 89' lang='lat' dir='ltr'>leuibus</span> <span class='ocrx_word' id='word_1_35' title='bbox 1093 606 1323 672; x_wconf 87' lang='lat' dir='ltr'>auctoribuset</span> 
     </span>
     <span class='ocr_line' id='line_1_5' title="bbox 198 710 1373 797; baseline 0.004 -22"><span class='ocrx_word' id='word_1_36' title='bbox 198 710 295 776; x_wconf 89' lang='lat' dir='ltr'>dubio</span> <span class='ocrx_word' id='word_1_37' title='bbox 326 731 447 778; x_wconf 88' lang='lat' dir='ltr'>rumore</span> <span class='ocrx_word' id='word_1_38' title='bbox 478 713 594 777; x_wconf 87' lang='lat' dir='ltr'>iactato</span> <span class='ocrx_word' id='word_1_39' title='bbox 625 716 707 791; x_wconf 90' lang='lat' dir='ltr'>sunt,</span> <span class='ocrx_word' id='word_1_40' title='bbox 740 717 881 797; x_wconf 75' lang='lat' dir='ltr'>oporteat</span> <span class='ocrx_word' id='word_1_41' title='bbox 912 712 1005 778; x_wconf 87' lang='lat' dir='ltr'>credi.</span> <span class='ocrx_word' id='word_1_42' title='bbox 1072 715 1172 778; x_wconf 87' lang='lat' dir='ltr'>amate</span> <span class='ocrx_word' id='word_1_43' title='bbox 1204 731 1321 794; x_wconf 81' lang='lat' dir='ltr'>pacem,</span> <span class='ocrx_word' id='word_1_44' title='bbox 1355 718 1373 780; x_wconf 91' lang='lat'><em>8</em></span> 
     </span>
     <span class='ocr_line' id='line_1_6' title="bbox 161 809 1321 903; baseline 0.001 -22"><span class='ocrx_word' id='word_1_45' title='bbox 161 816 324 902; x_wconf 74' lang='lat' dir='ltr'>adiligito</span> <span class='ocrx_word' id='word_1_46' title='bbox 361 809 542 896; x_wconf 53' lang='lat' dir='ltr'>caritatem:</span> <span class='ocrx_word' id='word_1_47' title='bbox 567 818 690 883; x_wconf 89' lang='lat' dir='ltr'>studete</span> <span class='ocrx_word' id='word_1_48' title='bbox 724 819 933 885; x_wconf 82' lang='lat' dir='ltr'>concordiam!</span> <span class='ocrx_word' id='word_1_49' title='bbox 971 835 1040 884; x_wconf 87' lang='lat' dir='ltr'>nam</span> <span class='ocrx_word' id='word_1_50' title='bbox 1074 814 1224 903; x_wconf 88' lang='lat' dir='ltr'>scriptum</span> <span class='ocrx_word' id='word_1_51' title='bbox 1261 821 1321 896; x_wconf 62' lang='lat' dir='ltr'>est:</span> 
     </span>
     <span class='ocr_line' id='line_1_7' title="bbox 199 923 1323 1008; baseline 0.001 -21"><span class='ocrx_word' id='word_1_52' title='bbox 199 923 354 1006; x_wconf 82' lang='lat' dir='ltr'>diliges</span> <span class='ocrx_word' id='word_1_53' title='bbox 386 925 605 1007; x_wconf 83' lang='lat' dir='ltr'>proximum</span> <span class='ocrx_word' id='word_1_54' title='bbox 638 928 747 989; x_wconf 86' lang='lat' dir='ltr'>tuum</span> <span class='ocrx_word' id='word_1_55' title='bbox 780 929 979 1007; x_wconf 78' lang='lat' dir='ltr'>tamquam</span> <span class='ocrx_word' id='word_1_56' title='bbox 1014 929 1052 990; x_wconf 91' lang='lat' dir='ltr'>te</span> <span class='ocrx_word' id='word_1_57' title='bbox 1088 925 1228 1008; x_wconf 85' lang='lat' dir='ltr'>ipsum.</span> <span class='ocrx_word' id='word_1_58' title='bbox 1270 924 1323 1006; x_wconf 92' lang='lat' dir='ltr'>qui</span> 
     </span>
     <span class='ocr_line' id='line_1_8' title="bbox 197 1028 1322 1114; baseline 0.001 -21"><span class='ocrx_word' id='word_1_59' title='bbox 197 1030 301 1113; x_wconf 84' lang='lat' dir='ltr'>magis</span> <span class='ocrx_word' id='word_1_60' title='bbox 324 1031 403 1094; x_wconf 89' lang='lat' dir='ltr'>alter</span> <span class='ocrx_word' id='word_1_61' title='bbox 425 1030 513 1094; x_wconf 89' lang='lat' dir='ltr'>alteri</span> <span class='ocrx_word' id='word_1_62' title='bbox 535 1031 666 1113; x_wconf 83' lang='lat' dir='ltr'>proximi</span> <span class='ocrx_word' id='word_1_63' title='bbox 684 1049 804 1108; x_wconf 88' lang='lat' dir='ltr'>sumus,</span> <span class='ocrx_word' id='word_1_64' title='bbox 825 1049 917 1112; x_wconf 88' lang='lat' dir='ltr'>quam</span> <span class='ocrx_word' id='word_1_65' title='bbox 941 1048 1058 1106; x_wconf 87' lang='lat' dir='ltr'>omnes,</span> <span class='ocrx_word' id='word_1_66' title='bbox 1077 1030 1179 1114; x_wconf 90' lang='lat' dir='ltr'>quiin</span> <span class='ocrx_word' id='word_1_67' title='bbox 1199 1028 1322 1094; x_wconf 85' lang='lat' dir='ltr'>Christo</span> 
     </span>
     <span class='ocr_line' id='line_1_9' title="bbox 198 1136 1323 1218; baseline 0.002 -21"><span class='ocrx_word' id='word_1_68' title='bbox 198 1155 298 1199; x_wconf 90' lang='lat' dir='ltr'>unum</span> <span class='ocrx_word' id='word_1_69' title='bbox 322 1153 391 1200; x_wconf 86' lang='lat' dir='ltr'>esse</span> <span class='ocrx_word' id='word_1_70' title='bbox 414 1136 575 1202; x_wconf 90' lang='lat' dir='ltr'>debemus.</span> <span class='ocrx_word' id='word_1_71' title='bbox 599 1156 659 1203; x_wconf 87' lang='lat' dir='ltr'>non</span> <span class='ocrx_word' id='word_1_72' title='bbox 684 1137 784 1202; x_wconf 89' lang='lat' dir='ltr'>omnis</span> <span class='ocrx_word' id='word_1_73' title='bbox 808 1136 861 1218; x_wconf 91' lang='lat' dir='ltr'>qui</span> <span class='ocrx_word' id='word_1_74' title='bbox 885 1155 973 1200; x_wconf 86' lang='lat' dir='ltr'>aures</span> <span class='ocrx_word' id='word_1_75' title='bbox 997 1139 1119 1200; x_wconf 86' lang='lat' dir='ltr'>nostras</span> <span class='ocrx_word' id='word_1_76' title='bbox 1142 1136 1323 1200; x_wconf 83' lang='lat' dir='ltr'>uentusin·</span> 
     </span>
     <span class='ocr_line' id='line_1_10' title="bbox 200 1241 1323 1326; baseline 0 -22"><span class='ocrx_word' id='word_1_77' title='bbox 200 1241 350 1326; x_wconf 86' lang='lat' dir='ltr'>greditur·,</span> <span class='ocrx_word' id='word_1_78' title='bbox 378 1241 507 1305; x_wconf 89' lang='lat' dir='ltr'>nuntius</span> <span class='ocrx_word' id='word_1_79' title='bbox 535 1243 602 1306; x_wconf 88' lang='lat' dir='ltr'>ueri</span> <span class='ocrx_word' id='word_1_80' title='bbox 631 1246 679 1306; x_wconf 87' lang='lat' dir='ltr'>est</span> <span class='ocrx_word' id='word_1_81' title='bbox 707 1242 839 1324; x_wconf 89' lang='lat' dir='ltr'>ideoque</span> <span class='ocrx_word' id='word_1_82' title='bbox 867 1247 969 1305; x_wconf 88' lang='lat' dir='ltr'>animo</span> <span class='ocrx_word' id='word_1_83' title='bbox 996 1242 1138 1324; x_wconf 84' lang='lat' dir='ltr'>praesule</span> <span class='ocrx_word' id='word_1_84' title='bbox 1167 1244 1198 1306; x_wconf 89' lang='lat' dir='ltr'>et</span> <span class='ocrx_word' id='word_1_85' title='bbox 1219 1242 1251 1304; x_wconf 93' lang='lat' dir='ltr'>in</span> <span class='ocrx_word' id='word_1_86' title='bbox 1276 1260 1323 1305; x_wconf 87' lang='lat' dir='ltr'>er-</span> 
     </span>
     <span class='ocr_line' id='line_1_11' title="bbox 153 1346 1323 1430; baseline -0.002 -17"><span class='ocrx_word' id='word_1_87' title='bbox 153 1372 182 1413; x_wconf 82' lang='lat' dir='ltr'>ro</span> <span class='ocrx_word' id='word_1_88' title='bbox 202 1346 304 1411; x_wconf 88' lang='lat' dir='ltr'>cubiis</span> <span class='ocrx_word' id='word_1_89' title='bbox 336 1347 453 1412; x_wconf 90' lang='lat' dir='ltr'>constit</span> <span class='ocrx_word' id='word_1_90' title='bbox 476 1350 508 1412; x_wconf 93' lang='lat' dir='ltr'>to</span> <span class='ocrx_word' id='word_1_91' title='bbox 541 1367 663 1430; x_wconf 88' lang='lat' dir='ltr'>semper</span> <span class='ocrx_word' id='word_1_92' title='bbox 696 1367 775 1429; x_wconf 89' lang='lat' dir='ltr'>opus</span> <span class='ocrx_word' id='word_1_93' title='bbox 808 1351 864 1422; x_wconf 83' lang='lat' dir='ltr'>est,</span> <span class='ocrx_word' id='word_1_94' title='bbox 898 1367 935 1410; x_wconf 92' lang='lat' dir='ltr'>ne</span> <span class='ocrx_word' id='word_1_95' title='bbox 962 1350 1062 1411; x_wconf 90' lang='lat' dir='ltr'>totum</span> <span class='ocrx_word' id='word_1_96' title='bbox 1081 1347 1196 1423; x_wconf 80' lang='lat' dir='ltr'>famae,</span> <span class='ocrx_word' id='word_1_97' title='bbox 1220 1349 1323 1411; x_wconf 90' lang='lat' dir='ltr'>totum</span> 
     </span>
     <span class='ocr_line' id='line_1_12' title="bbox 200 1453 1373 1522; baseline 0.005 -6"><span class='ocrx_word' id='word_1_98' title='bbox 200 1454 337 1518; x_wconf 88' lang='lat' dir='ltr'>testibus</span> <span class='ocrx_word' id='word_1_99' title='bbox 360 1454 462 1518; x_wconf 86' lang='lat' dir='ltr'>liceat.</span> <span class='ocrx_word' id='word_1_100' title='bbox 521 1458 680 1519; x_wconf 89' lang='lat' dir='ltr'>recensete</span> <span class='ocrx_word' id='word_1_101' title='bbox 703 1472 806 1518; x_wconf 86' lang='lat' dir='ltr'>sacras</span> <span class='ocrx_word' id='word_1_102' title='bbox 829 1454 950 1518; x_wconf 89' lang='lat' dir='ltr'>litteras</span> <span class='ocrx_word' id='word_1_103' title='bbox 974 1456 1006 1517; x_wconf 88' lang='lat' dir='ltr'>et</span> <span class='ocrx_word' id='word_1_104' title='bbox 1028 1453 1140 1517; x_wconf 89' lang='lat' dir='ltr'>diuina</span> <span class='ocrx_word' id='word_1_105' title='bbox 1154 1453 1322 1518; x_wconf 86' lang='lat' dir='ltr'>tabularia:</span> <span class='ocrx_word' id='word_1_106' title='bbox 1355 1459 1373 1522; x_wconf 90' lang='lat'>9</span> 
     </span>
     <span class='ocr_line' id='line_1_13' title="bbox 200 1549 1325 1640; baseline 0.001 -19"><span class='ocrx_word' id='word_1_107' title='bbox 200 1560 366 1623; x_wconf 82' lang='lat' dir='ltr'>maximam</span> <span class='ocrx_word' id='word_1_108' title='bbox 389 1562 508 1640; x_wconf 89' lang='lat' dir='ltr'>partem</span> <span class='ocrx_word' id='word_1_109' title='bbox 532 1559 603 1622; x_wconf 87' lang='lat' dir='ltr'>falsi</span> <span class='ocrx_word' id='word_1_110' title='bbox 630 1564 727 1624; x_wconf 88' lang='lat' dir='ltr'>testes</span> <span class='ocrx_word' id='word_1_111' title='bbox 756 1577 957 1640; x_wconf 88' lang='lat' dir='ltr'>occupauere,</span> <span class='ocrx_word' id='word_1_112' title='bbox 984 1559 1039 1623; x_wconf 93' lang='lat' dir='ltr'>ubi</span> <span class='ocrx_word' id='word_1_113' title='bbox 1066 1549 1244 1623; x_wconf 85' lang='lat' dir='ltr'>sanctonum</span> <span class='ocrx_word' id='word_1_114' title='bbox 1271 1559 1325 1623; x_wconf 82' lang='lat' dir='ltr'>aut</span> 
     </span>
     <span class='ocr_line' id='line_1_14' title="bbox 202 1664 1323 1748; baseline -0.001 -20"><span class='ocrx_word' id='word_1_115' title='bbox 202 1666 432 1730; x_wconf 79' lang='lat' dir='ltr'>accusationem</span> <span class='ocrx_word' id='word_1_116' title='bbox 461 1668 515 1729; x_wconf 87' lang='lat' dir='ltr'>aut</span> <span class='ocrx_word' id='word_1_117' title='bbox 536 1666 674 1748; x_wconf 87' lang='lat' dir='ltr'>pericula</span> <span class='ocrx_word' id='word_1_118' title='bbox 696 1666 875 1748; x_wconf 87' lang='lat' dir='ltr'>reperimus.</span> <span class='ocrx_word' id='word_1_119' title='bbox 903 1665 1077 1728; x_wconf 82' lang='lat' dir='ltr'>‘maximam</span> <span class='ocrx_word' id='word_1_120' title='bbox 1111 1664 1323 1729; x_wconf 70' lang='lat' dir='ltr'>discrimino</span> 
     </span>
     <span class='ocr_line' id='line_1_15' title="bbox 199 1770 1323 1854; baseline -0.002 -19"><span class='ocrx_word' id='word_1_121' title='bbox 199 1773 310 1848; x_wconf 87' lang='lat' dir='ltr'>totam,</span> <span class='ocrx_word' id='word_1_122' title='bbox 344 1791 415 1836; x_wconf 90' lang='lat' dir='ltr'>oum</span> <span class='ocrx_word' id='word_1_123' title='bbox 447 1773 478 1835; x_wconf 91' lang='lat' dir='ltr'>in</span> <span class='ocrx_word' id='word_1_124' title='bbox 511 1773 613 1854; x_wconf 85' lang='lat' dir='ltr'>ipsum</span> <span class='ocrx_word' id='word_1_125' title='bbox 649 1772 807 1837; x_wconf 90' lang='lat' dir='ltr'>dominum</span> <span class='ocrx_word' id='word_1_126' title='bbox 840 1775 981 1835; x_wconf 90' lang='lat' dir='ltr'>nostrum</span> <span class='ocrx_word' id='word_1_127' title='bbox 1005 1773 1202 1849; x_wconf 85' lang='lat' dir='ltr'>saluatorem,</span> <span class='ocrx_word' id='word_1_128' title='bbox 1226 1770 1323 1834; x_wconf 84' lang='lat' dir='ltr'>totius</span> 
     </span>
     <span class='ocr_line' id='line_1_16' title="bbox 156 1876 1324 1962; baseline -0.002 -20"><span class='ocrx_word' id='word_1_129' title='bbox 156 1904 182 1942; x_wconf 73' lang='lat' dir='ltr'>ss</span> <span class='ocrx_word' id='word_1_130' title='bbox 201 1878 310 1941; x_wconf 90' lang='lat' dir='ltr'>mundi</span> <span class='ocrx_word' id='word_1_131' title='bbox 342 1879 476 1942; x_wconf 86' lang='lat' dir='ltr'>hostiam</span> <span class='ocrx_word' id='word_1_132' title='bbox 509 1882 540 1943; x_wconf 90' lang='lat' dir='ltr'>et</span> <span class='ocrx_word' id='word_1_133' title='bbox 571 1878 752 1962; x_wconf 89' lang='lat' dir='ltr'>pontificem</span> <span class='ocrx_word' id='word_1_134' title='bbox 784 1879 962 1954; x_wconf 86' lang='lat' dir='ltr'>salutarem,</span> <span class='ocrx_word' id='word_1_135' title='bbox 995 1877 1067 1941; x_wconf 83' lang='lat' dir='ltr'>falsi</span> <span class='ocrx_word' id='word_1_136' title='bbox 1098 1879 1196 1940; x_wconf 88' lang='lat' dir='ltr'>testes</span> <span class='ocrx_word' id='word_1_137' title='bbox 1225 1876 1324 1941; x_wconf 89' lang='lat' dir='ltr'>insur-</span> 
     </span>
     <span class='ocr_line' id='line_1_17' title="bbox 199 1972 1324 2067; baseline 0.001 -22"><span class='ocrx_word' id='word_1_138' title='bbox 199 1989 354 2060; x_wconf 83' lang='lat' dir='ltr'>rexerunt,</span> <span class='ocrx_word' id='word_1_139' title='bbox 378 1984 432 2066; x_wconf 91' lang='lat' dir='ltr'>qui</span> <span class='ocrx_word' id='word_1_140' title='bbox 456 2004 488 2050; x_wconf 91' lang='lat' dir='ltr'>se</span> <span class='ocrx_word' id='word_1_141' title='bbox 512 1972 578 2049; x_wconf 84' lang='lat' dir='ltr'>eius</span> <span class='ocrx_word' id='word_1_142' title='bbox 597 1985 822 2066; x_wconf 86' lang='lat' dir='ltr'>blasphemiam</span> <span class='ocrx_word' id='word_1_143' title='bbox 841 1983 967 2049; x_wconf 84' lang='lat' dir='ltr'>audisse</span> <span class='ocrx_word' id='word_1_144' title='bbox 986 1983 1204 2067; x_wconf 86' lang='lat' dir='ltr'>confingerent.</span> <span class='ocrx_word' id='word_1_145' title='bbox 1233 1982 1324 2047; x_wconf 89' lang='lat' dir='ltr'>aesti-</span> 
     </span>
     <span class='ocr_line' id='line_1_18' title="bbox 200 2089 1323 2173; baseline 0 -21"><span class='ocrx_word' id='word_1_146' title='bbox 200 2092 295 2167; x_wconf 82' lang='lat' dir='ltr'>mate,</span> <span class='ocrx_word' id='word_1_147' title='bbox 329 2091 405 2173; x_wconf 86' lang='lat' dir='ltr'>quid</span> <span class='ocrx_word' id='word_1_148' title='bbox 437 2091 497 2154; x_wconf 89' lang='lat' dir='ltr'>iam</span> <span class='ocrx_word' id='word_1_149' title='bbox 528 2092 629 2172; x_wconf 89' lang='lat' dir='ltr'>possit</span> <span class='ocrx_word' id='word_1_150' title='bbox 660 2091 824 2173; x_wconf 88' lang='lat' dir='ltr'>praeterire</span> <span class='ocrx_word' id='word_1_151' title='bbox 856 2090 1021 2166; x_wconf 81' lang='lat' dir='ltr'>fallaciam,</span> <span class='ocrx_word' id='word_1_152' title='bbox 1055 2108 1133 2170; x_wconf 87' lang='lat' dir='ltr'>quae</span> <span class='ocrx_word' id='word_1_153' title='bbox 1166 2089 1197 2153; x_wconf 95' lang='lat' dir='ltr'>in</span> <span class='ocrx_word' id='word_1_154' title='bbox 1230 2089 1323 2153; x_wconf 90' lang='lat' dir='ltr'>deum</span> 
     </span>
     <span class='ocr_line' id='line_1_19' title="bbox 201 2194 1325 2278; baseline 0.001 -21"><span class='ocrx_word' id='word_1_155' title='bbox 201 2194 284 2269; x_wconf 87' lang='lat' dir='ltr'>fidei,</span> <span class='ocrx_word' id='word_1_156' title='bbox 317 2196 412 2259; x_wconf 89' lang='lat' dir='ltr'>immo</span> <span class='ocrx_word' id='word_1_157' title='bbox 444 2197 475 2259; x_wconf 95' lang='lat' dir='ltr'>in</span> <span class='ocrx_word' id='word_1_158' title='bbox 507 2197 607 2278; x_wconf 90' lang='lat' dir='ltr'>ipsam</span> <span class='ocrx_word' id='word_1_159' title='bbox 638 2195 732 2260; x_wconf 88' lang='lat' dir='ltr'>fidem</span> <span class='ocrx_word' id='word_1_160' title='bbox 764 2214 799 2259; x_wconf 88' lang='lat' dir='ltr'>ac</span> <span class='ocrx_word' id='word_1_161' title='bbox 829 2195 995 2260; x_wconf 86' lang='lat' dir='ltr'>ueritatem</span> <span class='ocrx_word' id='word_1_162' title='bbox 1023 2194 1150 2277; x_wconf 90' lang='lat' dir='ltr'>peiuriis</span> <span class='ocrx_word' id='word_1_163' title='bbox 1173 2194 1325 2276; x_wconf 88' lang='lat' dir='ltr'>impetum</span> 
     </span>
    </p>
   </div>
   <div class='ocr_carea' id='block_1_3' title="bbox 155 2299 1376 2914">
    <p class='ocr_par' dir='ltr' id='par_1_3' title="bbox 155 2299 1376 2914">
     <span class='ocr_line' id='line_1_20' title="bbox 201 2299 1376 2382; baseline 0.003 -18"><span class='ocrx_word' id='word_1_164' title='bbox 201 2300 286 2364; x_wconf 87' lang='lat' dir='ltr'>fecit.</span> <span class='ocrx_word' id='word_1_165' title='bbox 355 2301 429 2365; x_wconf 90' lang='lat' dir='ltr'>haec</span> <span class='ocrx_word' id='word_1_166' title='bbox 460 2302 530 2366; x_wconf 91' lang='lat' dir='ltr'>ideo</span> <span class='ocrx_word' id='word_1_167' title='bbox 564 2302 756 2382; x_wconf 74' lang='lat' dir='ltr'>scripsimus</span> <span class='ocrx_word' id='word_1_168' title='bbox 789 2304 825 2364; x_wconf 89' lang='lat' dir='ltr'>ut</span> <span class='ocrx_word' id='word_1_169' title='bbox 857 2301 893 2364; x_wconf 92' lang='lat' dir='ltr'>de</span> <span class='ocrx_word' id='word_1_170' title='bbox 917 2304 1029 2378; x_wconf 80' lang='lat' dir='ltr'>cetero,</span> <span class='ocrx_word' id='word_1_171' title='bbox 1054 2301 1081 2364; x_wconf 90' lang='lat' dir='ltr'>si</span> <span class='ocrx_word' id='word_1_172' title='bbox 1104 2300 1157 2381; x_wconf 91' lang='lat' dir='ltr'>qui</span> <span class='ocrx_word' id='word_1_173' title='bbox 1180 2299 1376 2367; x_wconf 82' lang='lat' dir='ltr'>absentesld</span> 
     </span>
     <span class='ocr_line' id='line_1_21' title="bbox 155 2390 1325 2490; baseline -0.005 -16"><span class='ocrx_word' id='word_1_174' title='bbox 155 2435 184 2474; x_wconf 78' lang='lat' dir='ltr'>so</span> <span class='ocrx_word' id='word_1_175' title='bbox 201 2390 371 2488; x_wconf 25' lang='lat' dir='ltr'>minusque·</span> <span class='ocrx_word' id='word_1_176' title='bbox 400 2407 466 2472; x_wconf 93' lang='lat' dir='ltr'>noti</span> <span class='ocrx_word' id='word_1_177' title='bbox 499 2407 535 2471; x_wconf 95' lang='lat' dir='ltr'>de</span> <span class='ocrx_word' id='word_1_178' title='bbox 569 2408 709 2490; x_wconf 92' lang='lat' dir='ltr'>quolibet</span> <span class='ocrx_word' id='word_1_179' title='bbox 739 2408 814 2478; x_wconf 86' lang='lat' dir='ltr'>talia</span> <span class='ocrx_word' id='word_1_180' title='bbox 843 2427 878 2472; x_wconf 85' lang='lat' dir='ltr'>er</span> <span class='ocrx_word' id='word_1_181' title='bbox 899 2407 1027 2473; x_wconf 85' lang='lat' dir='ltr'>libidine</span> <span class='ocrx_word' id='word_1_182' title='bbox 1050 2407 1249 2483; x_wconf 87' lang='lat' dir='ltr'>mentientur,</span> <span class='ocrx_word' id='word_1_183' title='bbox 1272 2405 1325 2469; x_wconf 85' lang='lat' dir='ltr'>fini</span> 
     </span>
     <span class='ocr_line' id='line_1_22' title="bbox 202 2511 1325 2603; baseline 0 -28"><span class='ocrx_word' id='word_1_184' title='bbox 202 2511 395 2594; x_wconf 70' lang='lat' dir='ltr'>sintpertus</span> <span class='ocrx_word' id='word_1_185' title='bbox 431 2513 529 2587; x_wconf 75' lang='lat' dir='ltr'>uest-ri</span> <span class='ocrx_word' id='word_1_186' title='bbox 566 2514 716 2579; x_wconf 90' lang='lat' dir='ltr'>aduersus</span> <span class='ocrx_word' id='word_1_187' title='bbox 749 2515 875 2579; x_wconf 89' lang='lat' dir='ltr'>arietem</span> <span class='ocrx_word' id='word_1_188' title='bbox 907 2513 1141 2577; x_wconf 80' lang='lat' dir='ltr'>fraudulentiae.</span> <span class='ocrx_word' id='word_1_189' title='bbox 1178 2513 1259 2603; x_wconf 91' lang='lat' dir='ltr'>unde</span> <span class='ocrx_word' id='word_1_190' title='bbox 1293 2515 1325 2576; x_wconf 91' lang='lat' dir='ltr'>et</span> 
     </span>
     <span class='ocr_line' id='line_1_23' title="bbox 167 2614 1323 2701; baseline 0.002 -21"><span class='ocrx_word' id='word_1_191' title='bbox 167 2661 168 2664; x_wconf 63' lang='lat'>,</span> <span class='ocrx_word' id='word_1_192' title='bbox 201 2614 405 2682; x_wconf 83' lang='lat' dir='ltr'>lucernam</span> <span class='ocrx_word' id='word_1_193' title='bbox 437 2618 608 2701; x_wconf 91' lang='lat' dir='ltr'>pedibus</span> <span class='ocrx_word' id='word_1_194' title='bbox 641 2620 707 2684; x_wconf 91' lang='lat' dir='ltr'>suis</span> <span class='ocrx_word' id='word_1_195' title='bbox 736 2623 767 2684; x_wconf 92' lang='lat' dir='ltr'>et</span> <span class='ocrx_word' id='word_1_196' title='bbox 798 2620 927 2683; x_wconf 91' lang='lat' dir='ltr'>lumen</span> <span class='ocrx_word' id='word_1_197' title='bbox 961 2620 1119 2683; x_wconf 89' lang='lat' dir='ltr'>semitis</span> <span class='ocrx_word' id='word_1_198' title='bbox 1142 2619 1191 2683; x_wconf 91' lang='lat' dir='ltr'>uir</span> <span class='ocrx_word' id='word_1_199' title='bbox 1216 2621 1323 2682; x_wconf 89' lang='lat' dir='ltr'>tantus</span> 
     </span>
     <span class='ocr_line' id='line_1_24' title="bbox 203 2723 1326 2800; baseline 0 -14"><span class='ocrx_word' id='word_1_200' title='bbox 203 2727 318 2800; x_wconf 82' lang='lat' dir='ltr'>exorat,</span> <span class='ocrx_word' id='word_1_201' title='bbox 351 2724 473 2788; x_wconf 90' lang='lat' dir='ltr'>scilicet</span> <span class='ocrx_word' id='word_1_202' title='bbox 504 2741 541 2787; x_wconf 89' lang='lat' dir='ltr'>ne</span> <span class='ocrx_word' id='word_1_203' title='bbox 563 2724 645 2789; x_wconf 89' lang='lat' dir='ltr'>inter</span> <span class='ocrx_word' id='word_1_204' title='bbox 666 2724 793 2790; x_wconf 81' lang='lat' dir='ltr'>fallaces</span> <span class='ocrx_word' id='word_1_205' title='bbox 816 2725 958 2788; x_wconf 87' lang='lat' dir='ltr'>tenebras</span> <span class='ocrx_word' id='word_1_206' title='bbox 983 2725 1045 2788; x_wconf 90' lang='lat' dir='ltr'>sint</span> <span class='ocrx_word' id='word_1_207' title='bbox 1067 2742 1159 2789; x_wconf 85' lang='lat' dir='ltr'>caeca</span> <span class='ocrx_word' id='word_1_208' title='bbox 1180 2723 1269 2788; x_wconf 90' lang='lat' dir='ltr'>nobis</span> <span class='ocrx_word' id='word_1_209' title='bbox 1294 2728 1326 2787; x_wconf 93' lang='lat' dir='ltr'>et</span> 
     </span>
     <span class='ocr_line' id='line_1_25' title="bbox 203 2829 1325 2914; baseline 0.001 -22"><span class='ocrx_word' id='word_1_210' title='bbox 203 2829 376 2914; x_wconf 86' lang='lat' dir='ltr'>errabunda</span> <span class='ocrx_word' id='word_1_211' title='bbox 398 2830 543 2914; x_wconf 85' lang='lat' dir='ltr'>uestigia.</span> <span class='ocrx_word' id='word_1_212' title='bbox 566 2830 651 2894; x_wconf 87' lang='lat' dir='ltr'>etin</span> <span class='ocrx_word' id='word_1_213' title='bbox 676 2830 852 2914; x_wconf 85' lang='lat' dir='ltr'>euangelio:</span> <span class='ocrx_word' id='word_1_214' title='bbox 889 2831 1078 2911; x_wconf 90' lang='lat' dir='ltr'>numquid</span> <span class='ocrx_word' id='word_1_215' title='bbox 1105 2830 1166 2894; x_wconf 87' lang='lat' dir='ltr'>lor</span> <span class='ocrx_word' id='word_1_216' title='bbox 1188 2832 1325 2894; x_wconf 89' lang='lat' dir='ltr'>nostra</span> 
     </span>
    </p>
   </div>
   <div class='ocr_carea' id='block_1_4' title="bbox 290 3063 1147 3129">
    <p class='ocr_par' dir='ltr' id='par_1_4' title="bbox 290 3063 1147 3129">
     <span class='ocr_line' id='line_1_26' title="bbox 290 3063 1147 3129; baseline 0.006 -16"><span class='ocrx_word' id='word_1_217' title='bbox 290 3063 305 3114; x_wconf 83' lang='lat'><strong>6</strong></span> <span class='ocrx_word' id='word_1_218' title='bbox 324 3063 420 3117; x_wconf 77' lang='lat' dir='ltr'>March.</span> <span class='ocrx_word' id='word_1_219' title='bbox 441 3065 482 3128; x_wconf 87' lang='lat'>19,</span> <span class='ocrx_word' id='word_1_220' title='bbox 503 3064 534 3118; x_wconf 90' lang='grc'>19</span> <span class='ocrx_word' id='word_1_221' title='bbox 589 3065 622 3117; x_wconf 94' lang='grc'>22</span> <span class='ocrx_word' id='word_1_222' title='bbox 640 3065 738 3120; x_wconf 88' lang='lat' dir='ltr'>Psalnr.</span> <span class='ocrx_word' id='word_1_223' title='bbox 759 3065 889 3128; x_wconf 74' lang='lat' dir='ltr'>118,·1oo</span> <span class='ocrx_word' id='word_1_224' title='bbox 943 3066 978 3118; x_wconf 88' lang='grc'>24</span> <span class='ocrx_word' id='word_1_225' title='bbox 994 3065 1051 3118; x_wconf 93' lang='lat' dir='ltr'>Ioh.</span> <span class='ocrx_word' id='word_1_226' title='bbox 1072 3065 1096 3129; x_wconf 82' lang='lat'>7,</span> <span class='ocrx_word' id='word_1_227' title='bbox 1115 3065 1147 3118; x_wconf 84' lang='lat'>51</span> 
     </span>
    </p>
   </div>
   <div class='ocr_carea' id='block_1_5' title="bbox 168 3201 1326 4157">
    <p class='ocr_par' dir='ltr' id='par_1_5' title="bbox 202 3201 1325 3802">
     <span class='ocr_line' id='line_1_27' title="bbox 238 3201 1323 3276; baseline 0.005 -22"><span class='ocrx_word' id='word_1_228' title='bbox 238 3203 253 3254; x_wconf 93' lang='lat'>1</span> <span class='ocrx_word' id='word_1_229' title='bbox 272 3201 347 3254; x_wconf 85' lang='lat' dir='ltr'>iacob</span> <span class='ocrx_word' id='word_1_230' title='bbox 371 3201 401 3265; x_wconf 89' lang='lat' dir='ltr'>V,</span> <span class='ocrx_word' id='word_1_231' title='bbox 425 3217 491 3255; x_wconf 82' lang='lat' dir='ltr'>corr.</span> <span class='ocrx_word' id='word_1_232' title='bbox 512 3202 579 3254; x_wconf 86' lang='lat' dir='ltr'>Bar.</span> <span class='ocrx_word' id='word_1_233' title='bbox 604 3203 653 3268; x_wconf 80' lang='lat' dir='ltr'>(cf.</span> <span class='ocrx_word' id='word_1_234' title='bbox 677 3202 745 3270; x_wconf 79' lang='lat' dir='ltr'>epist</span> <span class='ocrx_word' id='word_1_235' title='bbox 775 3202 882 3256; x_wconf 81' lang='lat' dir='ltr'>Aurelii</span> <span class='ocrx_word' id='word_1_236' title='bbox 904 3209 950 3256; x_wconf 86' lang='lat' dir='ltr'>etc.</span> <span class='ocrx_word' id='word_1_237' title='bbox 971 3203 1046 3271; x_wconf 82' lang='lat' dir='ltr'>opud</span> <span class='ocrx_word' id='word_1_238' title='bbox 1067 3203 1156 3260; x_wconf 76' lang='lat' dir='ltr'>coust.</span> <span class='ocrx_word' id='word_1_239' title='bbox 1177 3205 1273 3276; x_wconf 67' lang='lat'><em>8805</em></span> <span class='ocrx_word' id='word_1_240' title='bbox 1294 3210 1323 3272; x_wconf 80' lang='lat' dir='ltr'>b&#39;)</span> 
     </span>
     <span class='ocr_line' id='line_1_28' title="bbox 203 3289 1325 3361; baseline 0.004 -18"><span class='ocrx_word' id='word_1_241' title='bbox 203 3290 249 3357; x_wconf 87' lang='lat' dir='ltr'>qni</span> <span class='ocrx_word' id='word_1_242' title='bbox 267 3305 323 3343; x_wconf 70' lang='lat' dir='ltr'>ece</span> <span class='ocrx_word' id='word_1_243' title='bbox 340 3292 384 3357; x_wconf 92' lang='lat'>(=</span> <span class='ocrx_word' id='word_1_244' title='bbox 395 3293 432 3357; x_wconf 88' lang='lat' dir='ltr'>et)</span> <span class='ocrx_word' id='word_1_245' title='bbox 452 3305 518 3344; x_wconf 89' lang='lat' dir='ltr'>corr.</span> <span class='ocrx_word' id='word_1_246' title='bbox 536 3289 563 3342; x_wconf 91' lang='lat' dir='ltr'><strong><em>V</em></strong></span> <span class='ocrx_word' id='word_1_247' title='bbox 596 3290 756 3344; x_wconf 69' lang='lat' dir='ltr'>bludunam</span> <span class='ocrx_word' id='word_1_248' title='bbox 773 3291 910 3346; x_wconf 76' lang='lat' dir='ltr'>iudicauit</span> <span class='ocrx_word' id='word_1_249' title='bbox 927 3291 1005 3355; x_wconf 74' lang='lat' dir='ltr'>Bar,</span> <span class='ocrx_word' id='word_1_250' title='bbox 1025 3292 1194 3361; x_wconf 89' lang='lat' dir='ltr'>protulerunt</span> <span class='ocrx_word' id='word_1_251' title='bbox 1210 3293 1325 3348; x_wconf 78' lang='lat' dir='ltr'>inseruit</span> 
     </span>
     <span class='ocr_line' id='line_1_29' title="bbox 205 3376 1324 3450; baseline 0.003 -19"><span class='ocrx_word' id='word_1_252' title='bbox 205 3377 302 3443; x_wconf 74' lang='lat' dir='ltr'>Germ,</span> <span class='ocrx_word' id='word_1_253' title='bbox 323 3376 428 3447; x_wconf 84' lang='lat' dir='ltr'>Pelagii</span> <span class='ocrx_word' id='word_1_254' title='bbox 456 3378 625 3447; x_wconf 88' lang='lat' dir='ltr'>protulerunt</span> <span class='ocrx_word' id='word_1_255' title='bbox 654 3379 738 3432; x_wconf 74' lang='lat' dir='ltr'>inseri</span> <span class='ocrx_word' id='word_1_256' title='bbox 768 3379 841 3433; x_wconf 82' lang='lat' dir='ltr'>iubet</span> <span class='ocrx_word' id='word_1_257' title='bbox 876 3378 975 3444; x_wconf 72' lang='lat' dir='ltr'>Ooust,</span> <span class='ocrx_word' id='word_1_258' title='bbox 1007 3379 1055 3433; x_wconf 86' lang='lat' dir='ltr'>sed</span> <span class='ocrx_word' id='word_1_259' title='bbox 1083 3380 1213 3435; x_wconf 77' lang='lat' dir='ltr'>uidentur</span> <span class='ocrx_word' id='word_1_260' title='bbox 1237 3383 1324 3450; x_wconf 79' lang='lat' dir='ltr'>plura</span> 
     </span>
     <span class='ocr_line' id='line_1_30' title="bbox 203 3465 1323 3534; baseline 0.004 -15"><span class='ocrx_word' id='word_1_261' title='bbox 203 3465 332 3519; x_wconf 75' lang='lat' dir='ltr'>eccidisse</span> <span class='ocrx_word' id='word_1_262' title='bbox 389 3466 512 3534; x_wconf 85' lang='lat' dir='ltr'>3prouis</span> <span class='ocrx_word' id='word_1_263' title='bbox 535 3465 567 3530; x_wconf 92' lang='lat' dir='ltr'>V,</span> <span class='ocrx_word' id='word_1_264' title='bbox 586 3481 687 3519; x_wconf 67' lang='lat' dir='ltr'>coreo</span> <span class='ocrx_word' id='word_1_265' title='bbox 744 3467 919 3521; x_wconf 83' lang='lat' dir='ltr'>4d11biorum</span> <span class='ocrx_word' id='word_1_266' title='bbox 938 3485 982 3521; x_wconf 89' lang='lat' dir='ltr'>ore</span> <span class='ocrx_word' id='word_1_267' title='bbox 1005 3468 1036 3532; x_wconf 89' lang='lat' dir='ltr'>V,</span> <span class='ocrx_word' id='word_1_268' title='bbox 1055 3484 1123 3522; x_wconf 76' lang='lat' dir='ltr'>corr.</span> <span class='ocrx_word' id='word_1_269' title='bbox 1143 3467 1170 3520; x_wconf 74' lang='grc' dir='ltr'>ο2</span> <span class='ocrx_word' id='word_1_270' title='bbox 1226 3471 1323 3523; x_wconf 74' lang='lat' dir='ltr'>tcon-</span> 
     </span>
     <span class='ocr_line' id='line_1_31' title="bbox 202 3553 1324 3629; baseline 0.006 -23"><span class='ocrx_word' id='word_1_271' title='bbox 202 3553 307 3608; x_wconf 85' lang='lat' dir='ltr'>cordiae</span> <span class='ocrx_word' id='word_1_272' title='bbox 324 3553 394 3608; x_wconf 88' lang='lat' dir='ltr'>Bar.</span> <span class='ocrx_word' id='word_1_273' title='bbox 466 3555 481 3608; x_wconf 87' lang='grc'><strong>6</strong></span> <span class='ocrx_word' id='word_1_274' title='bbox 499 3565 549 3629; x_wconf 75' lang='lat' dir='ltr'>rap</span> <span class='ocrx_word' id='word_1_275' title='bbox 576 3554 601 3608; x_wconf 95' lang='lat' dir='ltr'>V</span> <span class='ocrx_word' id='word_1_276' title='bbox 688 3557 732 3624; x_wconf 90' lang='lat' dir='ltr'>qui</span> <span class='ocrx_word' id='word_1_277' title='bbox 754 3558 840 3626; x_wconf 82' lang='lat' dir='ltr'>magis</span> <span class='ocrx_word' id='word_1_278' title='bbox 858 3557 917 3626; x_wconf 84' lang='lat' dir='ltr'>etc]</span> <span class='ocrx_word' id='word_1_279' title='bbox 938 3558 1019 3610; x_wconf 83' lang='lat' dir='ltr'>etiam</span> <span class='ocrx_word' id='word_1_280' title='bbox 1037 3564 1100 3612; x_wconf 82' lang='lat' dir='ltr'>ante</span> <span class='ocrx_word' id='word_1_281' title='bbox 1117 3557 1183 3611; x_wconf 82' lang='lat' dir='ltr'>baec</span> <span class='ocrx_word' id='word_1_282' title='bbox 1199 3558 1292 3625; x_wconf 81' lang='lat' dir='ltr'>uerba,</span> <span class='ocrx_word' id='word_1_283' title='bbox 1310 3575 1324 3613; x_wconf 80' lang='lat' dir='ltr'>e</span> 
     </span>
     <span class='ocr_line' id='line_1_32' title="bbox 202 3641 1323 3715; baseline 0.005 -21"><span class='ocrx_word' id='word_1_284' title='bbox 202 3641 301 3710; x_wconf 77' lang='lat' dir='ltr'>quibus</span> <span class='ocrx_word' id='word_1_285' title='bbox 316 3658 351 3696; x_wconf 76' lang='lat' dir='ltr'>nc</span> <span class='ocrx_word' id='word_1_286' title='bbox 368 3648 423 3696; x_wconf 81' lang='lat' dir='ltr'>tum</span> <span class='ocrx_word' id='word_1_287' title='bbox 442 3643 547 3711; x_wconf 78' lang='lat' dir='ltr'>quidem</span> <span class='ocrx_word' id='word_1_288' title='bbox 564 3645 590 3698; x_wconf 66' lang='grc' dir='ltr'>εἰ</span> <span class='ocrx_word' id='word_1_289' title='bbox 606 3660 665 3698; x_wconf 72' lang='lat' dir='ltr'>esem</span> <span class='ocrx_word' id='word_1_290' title='bbox 681 3644 770 3698; x_wconf 82' lang='lat' dir='ltr'>Oouet.</span> <span class='ocrx_word' id='word_1_291' title='bbox 779 3650 844 3712; x_wconf 81' lang='lat' dir='ltr'>post</span> <span class='ocrx_word' id='word_1_292' title='bbox 855 3644 980 3698; x_wconf 87' lang='lat' dir='ltr'>debemus</span> <span class='ocrx_word' id='word_1_293' title='bbox 989 3646 1114 3712; x_wconf 81' lang='lat' dir='ltr'>posueris</span> <span class='ocrx_word' id='word_1_294' title='bbox 1126 3647 1231 3715; x_wconf 55' lang='lat' dir='ltr'>Quum</span> <span class='ocrx_word' id='word_1_295' title='bbox 1242 3646 1323 3701; x_wconf 79' lang='lat' dir='ltr'>inter-</span> 
     </span>
     <span class='ocr_line' id='line_1_33' title="bbox 203 3731 1323 3802; baseline 0.004 -19"><span class='ocrx_word' id='word_1_296' title='bbox 203 3731 360 3799; x_wconf 80' lang='lat' dir='ltr'>ropatiom&#39;s,</span> <span class='ocrx_word' id='word_1_297' title='bbox 381 3739 448 3799; x_wconf 81' lang='lat' dir='ltr'>apta</span> <span class='ocrx_word' id='word_1_298' title='bbox 470 3732 564 3787; x_wconf 78' lang='lat' dir='ltr'>euadit</span> <span class='ocrx_word' id='word_1_299' title='bbox 585 3734 728 3800; x_wconf 80' lang='lat' dir='ltr'>sententia,</span> <span class='ocrx_word' id='word_1_300' title='bbox 748 3734 844 3801; x_wconf 77' lang='lat' dir='ltr'>aliqua</span> <span class='ocrx_word' id='word_1_301' title='bbox 866 3733 994 3788; x_wconf 74' lang='lat' dir='ltr'>excidisse</span> <span class='ocrx_word' id='word_1_302' title='bbox 1010 3735 1147 3798; x_wconf 79' lang='lat' dir='ltr'>uidentur,</span> <span class='ocrx_word' id='word_1_303' title='bbox 1166 3734 1264 3802; x_wconf 77' lang='lat' dir='ltr'>quibus</span> <span class='ocrx_word' id='word_1_304' title='bbox 1280 3734 1323 3788; x_wconf 77' lang='lat' dir='ltr'>iu·</span> 
     </span>
    </p>

    <p class='ocr_par' dir='ltr' id='par_1_6' title="bbox 168 3817 1326 4157">
     <span class='ocr_line' id='line_1_34' title="bbox 168 3817 1324 3890; baseline 0.005 -19"><span class='ocrx_word' id='word_1_305' title='bbox 168 3850 171 3855; x_wconf 90' lang='lat'><em>-</em></span> <span class='ocrx_word' id='word_1_306' title='bbox 198 3817 298 3887; x_wconf 62' lang='lat' dir='ltr'>mimis</span> <span class='ocrx_word' id='word_1_307' title='bbox 315 3819 440 3872; x_wconf 81' lang='lat' dir='ltr'>ccclesiae</span> <span class='ocrx_word' id='word_1_308' title='bbox 458 3820 607 3874; x_wconf 72' lang='lat' dir='ltr'>catholicae</span> <span class='ocrx_word' id='word_1_309' title='bbox 623 3821 807 3876; x_wconf 82' lang='lat' dir='ltr'>cacerdotibus</span> <span class='ocrx_word' id='word_1_310' title='bbox 824 3822 984 3876; x_wconf 79' lang='lat' dir='ltr'>concordiae</span> <span class='ocrx_word' id='word_1_311' title='bbox 999 3822 1160 3876; x_wconf 75' lang='lat' dir='ltr'>studendum</span> <span class='ocrx_word' id='word_1_312' title='bbox 1178 3839 1232 3876; x_wconf 82' lang='lat' dir='ltr'>esse</span> <span class='ocrx_word' id='word_1_313' title='bbox 1245 3838 1324 3890; x_wconf 75' lang='lat' dir='ltr'>eorpo-</span> 
     </span>
     <span class='ocr_line' id='line_1_35' title="bbox 202 3905 1324 3981; baseline 0.004 -21"><span class='ocrx_word' id='word_1_314' title='bbox 202 3905 284 3961; x_wconf 80' lang='lat' dir='ltr'>aitum</span> <span class='ocrx_word' id='word_1_315' title='bbox 297 3912 356 3960; x_wconf 82' lang='lat' dir='ltr'>erat</span> <span class='ocrx_word' id='word_1_316' title='bbox 417 3909 583 3977; x_wconf 87' lang='lat' dir='ltr'>9praesulet</span> <span class='ocrx_word' id='word_1_317' title='bbox 600 3913 628 3962; x_wconf 86' lang='lat' dir='ltr'>et</span> <span class='ocrx_word' id='word_1_318' title='bbox 643 3909 674 3973; x_wconf 89' lang='lat' dir='ltr'>V,</span> <span class='ocrx_word' id='word_1_319' title='bbox 688 3926 755 3965; x_wconf 77' lang='lat' dir='ltr'>corr.</span> <span class='ocrx_word' id='word_1_320' title='bbox 769 3909 836 3965; x_wconf 86' lang='lat' dir='ltr'>Bar.</span> <span class='ocrx_word' id='word_1_321' title='bbox 892 3910 923 3963; x_wconf 95' lang='lat' dir='ltr'>ll</span> <span class='ocrx_word' id='word_1_322' title='bbox 938 3909 1116 3963; x_wconf 76' lang='lat' dir='ltr'>recenseteV</span> <span class='ocrx_word' id='word_1_323' title='bbox 1186 3912 1217 3964; x_wconf 82' lang='lat'>13</span> <span class='ocrx_word' id='word_1_324' title='bbox 1230 3928 1324 3981; x_wconf 89' lang='lat' dir='ltr'>reppe-</span> 
     </span>
     <span class='ocr_line' id='line_1_36' title="bbox 204 3994 1325 4053; baseline 0.005 -7"><span class='ocrx_word' id='word_1_325' title='bbox 204 3994 285 4048; x_wconf 87' lang='lat' dir='ltr'>rimus</span> <span class='ocrx_word' id='word_1_326' title='bbox 308 3995 332 4048; x_wconf 93' lang='lat' dir='ltr'>V</span> <span class='ocrx_word' id='word_1_327' title='bbox 396 3997 427 4049; x_wconf 88' lang='lat'>15</span> <span class='ocrx_word' id='word_1_328' title='bbox 445 3997 537 4050; x_wconf 89' lang='lat' dir='ltr'>mundi</span> <span class='ocrx_word' id='word_1_329' title='bbox 556 3995 594 4049; x_wconf 79' lang='lat'>0²:</span> <span class='ocrx_word' id='word_1_330' title='bbox 613 3998 693 4051; x_wconf 89' lang='lat' dir='ltr'>multi</span> <span class='ocrx_word' id='word_1_331' title='bbox 716 3997 740 4051; x_wconf 92' lang='lat' dir='ltr'>V</span> <span class='ocrx_word' id='word_1_332' title='bbox 808 3997 998 4052; x_wconf 86' lang='lat' dir='ltr'>insurrexerint</span> <span class='ocrx_word' id='word_1_333' title='bbox 1018 3996 1103 4051; x_wconf 74' lang='lat' dir='ltr'>Gara.</span> <span class='ocrx_word' id='word_1_334' title='bbox 1168 4000 1199 4052; x_wconf 88' lang='grc'>17</span> <span class='ocrx_word' id='word_1_335' title='bbox 1218 3998 1325 4053; x_wconf 85' lang='lat' dir='ltr'>fallacia</span> 
     </span>
     <span class='ocr_line' id='line_1_37' title="bbox 208 4082 1326 4157; baseline 0.004 -20"><span class='ocrx_word' id='word_1_336' title='bbox 208 4082 294 4138; x_wconf 79' lang='lat' dir='ltr'>Gom.</span> <span class='ocrx_word' id='word_1_337' title='bbox 350 4101 417 4152; x_wconf 85' lang='lat' dir='ltr'>quae</span> <span class='ocrx_word' id='word_1_338' title='bbox 430 4085 514 4139; x_wconf 65' lang='lat' dir='ltr'>Bac:</span> <span class='ocrx_word' id='word_1_339' title='bbox 529 4087 574 4154; x_wconf 91' lang='lat' dir='ltr'>qui</span> <span class='ocrx_word' id='word_1_340' title='bbox 592 4086 618 4139; x_wconf 93' lang='lat' dir='ltr'>V</span> <span class='ocrx_word' id='word_1_341' title='bbox 669 4087 808 4141; x_wconf 73' lang='lat' dir='ltr'>cataneus</span> <span class='ocrx_word' id='word_1_342' title='bbox 827 4085 1094 4157; x_wconf 79' lang='lat' dir='ltr'>Vrsanctuschr.</span> <span class='ocrx_word' id='word_1_343' title='bbox 1148 4087 1182 4139; x_wconf 86' lang='grc'>24</span> <span class='ocrx_word' id='word_1_344' title='bbox 1197 4086 1286 4156; x_wconf 84' lang='lat' dir='ltr'>euglic</span> <span class='ocrx_word' id='word_1_345' title='bbox 1299 4086 1326 4141; x_wconf 94' lang='lat' dir='ltr'>V</span> 
     </span>
    </p>
   </div>
   <div class='ocr_carea' id='block_1_6' title="bbox 0 0 1462 4672">
    <p class='ocr_par' dir='ltr' id='par_1_7' title="bbox 0 0 1462 4672">
     <span class='ocr_line' id='line_1_38' title="bbox 0 0 1462 4672; baseline 0 0"><span class='ocrx_word' id='word_1_346' title='bbox 0 0 1462 4672; x_wconf 95' lang='lat' dir='ltr'> </span> 
     </span>
    </p>
   </div>
  </div>
 </body>
</html>
