2904 4672
183 256 248 320 410
389 249 491 305 Gelasii
507 248 528 303 1.
549 248 621 303 dicta
638 247 766 302 aduersus
784 247 957 318 Pelagianarn
974 229 1108 304 haeresim

182 444 372 511 const‘tutos
406 444 473 507 siue
505 443 609 506 minus
642 461 698 507 sen
730 443 875 524 amplius,
912 445 1005 525 prout
1041 443 1175 526 quisquo
1211 444 1311 529 gratia

182 550 289 615 diuina
320 550 520 632 dispensante
550 549 725 630 profecerit,
748 552 852 614 tamen
883 548 1031 614 infestare
1062 568 1123 614 non
1156 548 1310 630 desinant,

182 677 237 721 cur
257 657 368 722 relicta
390 657 462 734 sint,
486 659 593 720 contra
617 674 694 738 quae
718 675 806 721 mens
828 656 976 739 religiosa
996 659 1162 740 pugnaret,
1186 662 1219 723 et
1235 657 1310 722 licet

181 764 243 827 iam
285 763 438 827 saluati
478 782 547 846 per
581 762 704 826 fidem
742 781 829 844 spem
864 762 1087 844 redemptionis
1123 763 1308 846 acceperint,

181 868 283 932 adbuc
306 872 409 932 tamen
434 870 690 951 expectetur,
715 867 799 932 sicut
820 868 865 932 ait
887 868 1059 949 apostolus,
1083 868 1306 952 redemptio
1335 887 1346 927 s

180 974 362 1056 corporis
391 975 522 1038 nostri
549 975 590 1043 et,
619 993 691 1037 cunr
715 973 871 1056 mysteriis
895 974 1084 1039 caelestibus
1105 975 1168 1039 iam
1191 975 1306 1038 renatis

178 1080 293 1164 pignus
322 1080 365 1143 sit
388 1078 563 1160 adoptionis
586 1078 772 1162 ingenitum,
795 1078 981 1160 perficienda
1004 1078 1149 1161 deinceps
1173 1079 1306 1144 sustine·

128 1185 250 1251 23atru
272 1185 409 1268 adoptio,
433 1189 470 1249 ut
492 1183 614 1249 scilicet
632 1183 848 1249 deficientibus
866 1183 967 1249 isdem
986 1184 1085 1263 uitiis,
1104 1188 1306 1268 contraquam

177 1291 268 1356 nobis
282 1290 313 1354 in
331 1292 389 1355 hoc
408 1293 547 1373 tempore
565 1291 711 1355 continua
730 1290 889 1354 dimicatio
909 1293 968 1366 est,
987 1290 1025 1354 ab
1043 1291 1102 1354 bac
1120 1291 1306 1356 necessitate

177 1397 310 1474 liberati,
327 1396 410 1479 qnod
428 1396 490 1461 fide
509 1397 717 1478 suscepimus,
736 1395 819 1476 quod
837 1413 892 1477 spe
909 1394 1069 1477 proposita
1087 1394 1304 1473 sustinuimus,
1321 1415 1343 1456 ro

177 1503 316 1585 ipsarum
347 1521 451 1566 rerum
484 1502 667 1566 desideratis
700 1501 863 1565 affectibus
896 1500 1113 1582 adsequamur,
1152 1504 1303 1583 quatenus

177 1610 235 1673 bac
257 1609 471 1672 incursionum
494 1611 582 1689 peste
605 1627 732 1689 prorsus
756 1608 840 1671 eruti
863 1607 1030 1689 tranquilla
1052 1626 1176 1689 semper
1193 1608 1304 1673 sancti·

177 1713 320 1780 ficaticne
347 1714 505 1790 uiuamus,
530 1714 614 1795 quod
636 1714 667 1777 in
690 1713 746 1776 illa
767 1713 872 1776 futura
895 1712 1087 1778 beatitudine
1109 1714 1304 1796 promittitur

178 1840 247 1885 esse
276 1819 507 1901 complendum,
536 1839 618 1896 cunr,
648 1819 732 1884 sicut
759 1821 803 1884 ait
831 1817 1004 1902 apostolus,
1033 1820 1302 1902 corruptibile

177 1928 250 1992 hoo
285 1926 468 1991 induerit
499 1926 846 2009 incorruptionem
878 1929 916 1991 et
945 1925 1116 1990 mortale
1148 1925 1222 1990 boc
1252 1926 1340 1989 in-rs

177 2032 313 2096 drrerit
339 2032 679 2096 inmortalitatem
708 2035 802 2114 atque
830 2032 962 2096 animale
990 2050 1102 2115 corpus
1131 2032 1301 2115 spiritalem

125 2131 167 2194 24
177 2139 346 2221 sumpserit
369 2138 562 2221 dignitatem.
603 2138 702 2222 igitur
720 2137 848 2203 dubium
867 2157 927 2202 non
946 2141 995 2202 est
1013 2138 1191 2220 superbiam
1211 2157 1303 2222 super

176 2263 267 2311 omne
295 2263 364 2308 esse
391 2248 566 2326 peccatum,
591 2244 707 2327 quippe
731 2243 768 2307 de
792 2263 853 2326 qua
877 2244 1114 2326 scriptumest:
1139 2243 1300 2309 initium

178 2351 305 2414 omnis
336 2350 494 2431 peccati
527 2350 726 2432 superbia.
759 2350 843 2432 quod
874 2354 996 2414 tantum
1027 2350 1147 2414 malum
1179 2352 1238 2428 est,
1265 2354 1300 2416 ut

178 2455 302 2540 singula
328 2474 423 2537 praue
450 2455 531 2519 iacta
554 2456 584 2519 in
609 2457 667 2520 boc
691 2456 770 2539 ipso,
796 2457 869 2538 quia
889 2475 986 2540 praua
1009 2459 1093 2534 sunt,
1117 2459 1300 2521 censeantur
1315 2477 1338 2516 eo

176 2579 246 2625 osse
275 2560 447 2624 damnanda
474 2560 603 2641 solaque
631 2561 673 2624 sit
700 2560 854 2641 superbia,
885 2580 963 2643 quae
991 2562 1080 2626 etin
1106 2561 1298 2626 benefactis

174 2667 351 2748 periculosa
391 2666 549 2731 doceatur.
590 2666 667 2731 baec
709 2670 767 2742 est,
810 2685 887 2748 quiae
927 2686 986 2733 non
1024 2670 1148 2732 tantum
1187 2668 1299 2731 animal

173 2771 324 2836 rationale
351 2771 383 2835 in
410 2772 502 2837 terris
529 2773 668 2854 positum
697 2777 838 2838 constare
866 2793 925 2837 non
949 2773 1026 2838 sinit
1048 2772 1103 2838 sed
1126 2773 1298 2855 angelicam

122 2877 163 2939 25
174 2897 297 2960 quoque
325 2877 439 2942 deiecit
465 2878 578 2942 infesta
601 2881 752 2943 naturam.
803 2899 874 2943 nam
898 2897 969 2944 curn
993 2880 1069 2943 deus
1093 2879 1297 2961 omnipotens,

173 2983 227 3064 qui
253 2983 329 3047 fecit
356 2985 459 3046 omnia
486 2985 568 3047 bona
595 2984 697 3062 ualde,
726 2988 838 3050 cuncta
867 2986 933 3049 suis
960 2985 1063 3049 modis
1091 2986 1124 3049 et
1151 2984 1336 3068 congruisse

173 3089 332 3153 ordinibus
360 3088 504 3154 instituta
532 3089 703 3155 condiderit
734 3108 830 3173 eaque
862 3091 992 3174 propriis
1026 3090 1217 3155 concesserit
1246 3090 1297 3154 uel

172 3213 296 3259 manere
319 3196 371 3259 uel
393 3196 541 3277 proficere
563 3215 655 3277 posse
678 3197 843 3273 mensuris,
867 3197 917 3261 hic
940 3196 1117 3261 rationabili
1140 3202 1296 3262 creaturae

172 3300 329 3382 subrepsit
352 3301 492 3377 affectus,
517 3302 570 3385 qui
587 3321 643 3384 per
659 3301 701 3379 id,
722 3302 801 3384 quod
823 3303 983 3367 decentius
1001 3303 1083 3367 facta
1102 3303 1295 3379 consisteret,

171 3406 242 3489 plus
266 3407 294 3470 ei
318 3406 356 3470 de
378 3407 500 3490 propria
524 3407 675 3491 dignitate
699 3408 851 3473 confidere
874 3428 976 3491 quam,
996 3408 1078 3474 sicut
1097 3409 1211 3474 modus
1230 3408 1294 3474 eius

257 3655 439 3725 4pr.2,8
494 3629 604 3711 5Pso'm.
622 3658 646 3719 8,
666 3659 700 3712 23
755 3659 788 3713 14
807 3659 959 3721 Corll5,
978 3659 1013 3712 53
1063 3658 1293 3724 recreatore

170 3745 203 3798 25
223 3743 288 3797 Gen.
309 3744 332 3808 l,
353 3745 384 3798 31

205 3866 351 3920 2desinat
373 3869 403 3931 V,
427 3885 493 3924 corr.
522 3869 584 3924 Cor.
673 3871 890 3940 ‘incoeperimus
912 3870 975 3924 Car.
1065 3870 1249 3925 9demicatio
1272 3868 1295 3923 l'

171 3955 204 4008 15
222 3955 419 4024 incorruptione
442 3956 473 4020 V,
492 3973 559 4010 corr.
579 3977 592 4009 ο
666 3960 697 4011 17
716 3959 832 4027 sepserit
854 3959 879 4010 V
945 3958 976 4012 19
996 3957 1120 4027 superbia
1144 3958 1175 4022 V,
1195 3976 1292 4014 coemo

170 4042 240 4112 quod
259 4046 363 4096 tanturn
383 4045 482 4098 malurn
501 4046 559 4113 etc]
578 4046 737 4099 sententiam
756 4052 897 4100 trucidatus
914 4052 952 4099 est
966 4046 1001 4099 cb
1014 4047 1177 4115 Augustino,
1193 4048 1225 4101 de
1237 4052 1292 4100 nat.

170 4137 194 4184 et
210 4137 281 4200 grat.
301 4147 321 4185 c.
343 4135 376 4185 31
395 4131 460 4198 (εᾱ.2
477 4133 572 4186 Maur.
592 4135 623 4186 X
641 4137 691 4199 94)
745 4135 779 4188 26
799 4151 915 4203 eaquae
938 4134 969 4197 V,
989 4150 1089 4192 corto
