2904 4672
235 260 299 323 418
440 253 539 308 Gelasii
556 254 578 308 1.
598 253 670 308 dicta
689 252 814 308 aduersas
831 252 1003 322 Pelagianam
1020 253 1150 307 haeresim

232 453 332 516 beret.
362 450 408 515 sic
441 469 508 514 earn
541 449 676 514 subiecit
706 449 755 514 his
783 449 937 514 molestiis
965 448 1163 531 perferendis,
1191 451 1228 513 ut
1255 452 1359 513 tamen

180 556 287 639 lespe
316 557 493 621 consoletur
520 559 630 620 erecta.
659 555 735 619 haec
759 558 808 620 est
828 554 925 638 igitur
948 555 1013 619 sine
1036 554 1181 638 ambiguo
1205 557 1359 634 ereatura,

233 663 270 727 16
308 681 369 744 qna
403 662 463 726 ait:
501 661 593 743 quia
628 662 666 724 61
701 661 789 743 ipsa
826 664 1012 726 creatura
1051 660 1300 725 liberabitur
1341 680 1360 724 a

233 768 434 833 seruitute
463 765 740 848 corruptionis
768 765 806 830 in
833 766 1070 831 libertatem
1098 766 1254 850 gloriae
1278 765 1359 830 fili.

232 893 340 939 orum
377 872 450 937 dei.
482 872 638 955 patefecit.
672 871 710 935 de
742 891 803 954 qua
835 874 974 936 creatura
1004 872 1107 936 uellet·
1133 872 1287 956 intellegi,
1320 873 1358 935 in
1388 897 1400 936 1

231 981 466 1044 libertatem
492 978 637 1059 inquiens
665 977 846 1042 liliorum
875 976 953 1042 dei:
983 997 1062 1060 quae
1089 979 1120 1042 in
1148 979 1208 1042 hoc
1239 979 1358 1044 mundo

232 1106 267 1151 ex
295 1105 332 1150 ea
357 1088 445 1167 parte
472 1103 554 1147 nunc
581 1084 689 1160 seruit,
718 1103 779 1165 qua
805 1084 894 1148 uitiis
917 1084 1083 1149 infestatur
1104 1083 1259 1162 humanis,
1282 1088 1360 1148 tuno

231 1191 270 1255 ad
296 1191 474 1255 libertatem
500 1189 636 1254 liliorum
665 1189 715 1253 ‹lei
741 1189 879 1272 perlecta
906 1189 1073 1254 securitate
1100 1192 1243 1266 uentura,
1273 1209 1359 1254 oum

232 1295 504 1379 corruptibile
532 1295 605 1360 hoc
629 1295 812 1360 induerit
834 1296 1178 1379 incorruptionem
1203 1299 1242 1361 et
1264 1316 1359 1361 mor·

231 1402 313 1467 tale
345 1401 417 1465 hoc
445 1400 629 1465 induerit
656 1400 1006 1477 inmortalitatem,
1034 1404 1077 1468 ut
1102 1401 1180 1466 fiat
1206 1421 1356 1482 sermo,
1375 1427 1399 1466 ro

231 1508 299 1590 qui
331 1507 510 1588 scriptus
543 1511 605 1570 est
635 1507 837 1589 ‘absorpta
868 1510 930 1572 est
961 1526 1063 1572 mors
1095 1507 1132 1571 in
1164 1508 1355 1573 uictoria.

230 1613 298 1677 ubi
335 1617 409 1689 661,
447 1631 564 1685 mors,
604 1613 799 1677 stimulus
836 1613 967 1679 tuusl‘
999 1612 1192 1677 stimulus
1226 1617 1355 1691 autem

230 1720 372 1787 mortis
399 1722 610 1803 peccatum
634 1722 711 1796 est,
734 1720 868 1784 uirtus
891 1738 984 1785 uero
1008 1719 1263 1803 peccatilex.
1287 1720 1351 1784 deo

231 1830 362 1892 auteur
403 1825 573 1908 gratias,
615 1824 681 1906 qui
722 1824 833 1889 dedit
873 1826 988 1890 nobis
1028 1825 1247 1891 uictoriam
1291 1845 1353 1909 per

178 1932 429 1997 lldominnm
451 1934 632 1995 nostrum
654 1930 785 1995 Iesum
804 1929 1019 1996 Christum.
1038 1935 1228 2014 quapropter
1245 1933 1355 1997 beatus
1372 1956 1394 1996 a

231 2038 392 2120 apostolus
416 2035 612 2100 manifestius
636 2036 745 2101 uolens
769 2039 800 2100 et
823 2036 861 2101 de
885 2056 947 2118 qua
970 2040 1111 2102 creatura
1133 2040 1250 2121 ageret,
1270 2037 1357 2102 etde

231 2162 292 2225 qua
314 2142 382 2206 eius
406 2142 558 2206 semitute
581 2160 682 2223 quana
704 2143 848 2207 libertate
867 2142 1044 2219 dissereret,
1063 2145 1172 2226 utpote
1190 2162 1247 2225 per
1264 2162 1356 2226 quem

231 2248 376 2314 Christus
421 2248 618 2328 loquebatur,
665 2249 826 2314 ostendere
870 2249 973 2313 adhuc
1012 2249 1150 2313 inculcat
1191 2253 1223 2312 ct
1264 2250 1354 2314 dicit:

230 2352 379 2418 seimus
408 2353 524 2432 enim,
554 2354 656 2435 quod
685 2354 810 2420 omnis
835 2360 1023 2420 creatura
1050 2354 1296 2438 ingemescit
1319 2360 1356 2420 61

228 2459 421 2539 parturit:
440 2478 500 2522 non
519 2459 580 2523 nisi
599 2459 793 2523 rationabilis
813 2463 953 2524 creatura
971 2462 1020 2524 est
1038 2463 1071 2524 et
1083 2459 1138 2523 illa
1151 2461 1353 2537 rationabilis,
1370 2485 1394 2525 ao

230 2584 308 2646 quae
336 2564 411 2648 quid
438 2564 630 2648 ingemescat
658 2566 772 2647 quidue
795 2565 956 2647 parturiat,
980 2564 1042 2628 iarn
1064 2568 1171 2629 renata
1194 2567 1355 2650 cognoscit

230 2674 262 2736 et
290 2670 502 2734 infirmitatem
533 2690 622 2735 suam
655 2671 769 2735 dellens
801 2670 1046 2753 promissionem,
1071 2673 1239 2754 perpetuae
1275 2673 1353 2735 tmu-

177 2781 218 2843 45
230 2777 394 2858 quillitatis
414 2780 563 2859 expectat.
623 2776 705 2857 quod
725 2777 832 2840 doctor
850 2776 994 2860 egregius
1014 2795 1176 2858 quousque
1195 2775 1352 2857 perducat,

230 2883 413 2966 diligentius
444 2883 628 2946 intuendum
660 2886 719 2947 est.
752 2901 824 2946 non
854 2882 982 2946 solum
1009 2882 1151 2963 inquiens
1180 2882 1255 2946 illa
1282 2880 1352 2968 (hoc

230 2992 279 3053 est
310 2991 450 3052 ereatura
480 2988 589 3072 populi
622 2987 802 3072 Christiani)
835 2987 905 3052 sed
936 3006 1006 3052 nos
1038 2987 1118 3070 ipsi
1148 2988 1389 3070 primitiasrs

230 3092 402 3174 spiritus
436 3095 630 3159 habentes
666 3095 741 3177 (ipsi
777 3093 886 3175 utique
924 3095 1068 3176 apostoli,
1104 3093 1166 3177 ipsi
1202 3093 1351 3158 ecclesiae

229 3198 383 3280 principes
411 3203 443 3264 et
469 3205 623 3282 parentes,
652 3202 704 3282 qui
732 3199 973 3282 primordialiter
995 3198 1096 3264 saneti
1120 3199 1251 3281 spiritus
1275 3199 1352 3264 dona

230 3307 439 3385 sumpserunt,
477 3324 555 3387 quae
593 3305 815 3369 ecclesiasticis
851 3305 1062 3370 ministrarent
1097 3305 1280 3388 spiritaliter
1309 3305 1350 3368 in-

230 3410 411 3486 crementis;
440 3410 495 3474 ubi
524 3411 591 3474 siue
619 3412 830 3475 controuersia
857 3413 956 3475 semet
982 3410 1068 3493 ipsos
1092 3430 1214 3492 quoque
1237 3411 1268 3474 in
1292 3428 1350 3473 una

229 3515 399 3597 eademque
432 3515 576 3598 quamuis
608 3515 723 3580 maiore
756 3516 856 3600 gratia
886 3515 1043 3599 praeditos
1071 3553 1113 3562 -
1141 3516 1223 3579 uncle
1252 3518 1283 3579 et
1310 3515 1383 3579 aito

315 3747 425 3801 enom.
444 3748 469 3812 6,
488 3749 522 3801 21
589 3733 776 3812 6166115,
796 3749 899 3804 53-57
965 3748 1174 3813 61661611
1242 3751 1276 3802 61
1295 3765 1347 3817 sqq.

229 3833 303 3887 Rom.
322 3835 347 3899 8,
365 3835 398 3888 23

265 3955 336 4008 lsic
353 3971 427 4024 supr.
447 3956 493 4009 1111.
513 3957 578 4012 edd.
603 3957 751 4014 Vmon.1
804 3958 964 4011 llibertale
987 3959 1016 4022 V,
1035 3974 1102 4012 corr.
1125 3958 1188 4015 Gar.
1255 3961 1284 4014 11
1305 3960 1348 4012 ab·

229 4046 302 4097 sorta
324 4043 350 4096 V
435 4045 467 4097 12
493 4062 563 4098 mors
576 4046 706 4108 <uictoria
725 4046 789 4100 tua?
810 4046 854 4099 ubi
874 4050 916 4100 est
933 4057 1017 4108 mora>
1034 4047 1096 4101 Car.
1115 4048 1263 4102 seeundum
1286 4048 1348 4101 Vel·

225 4137 328 4200 potem,
347 4133 395 4186 aed
411 4133 445 4202 cf.
465 4134 587 4202 11611611.
609 4138 669 4202 419,
688 4139 723 4189 17
775 4135 809 4188 28
828 4135 1024 4188 eeclesiasticiis
1048 4136 1072 4188 V
