2904 4672
138 229 201 290 282
403 223 498 294 Uigilii
517 225 691 278 constitutum
709 223 742 278 de
760 222 846 277 tribus
866 224 990 293 capilulis

137 415 286 479 uirtutem
309 416 397 480 initio
422 416 707 499 complasmationis
732 417 838 481 statim
854 416 886 480 in
905 416 973 499 ipso
992 416 1167 481 inhabitare
1185 418 1262 482 bene

137 523 274 587 uoluerit
296 526 328 586 et
350 524 460 595 uniens
485 543 556 587 sum
580 523 639 587 sibi
664 523 776 588 affectu
799 524 972 588 uoluntatis
994 524 1146 588 maiorem
1169 543 1263 606 quan-

51 625 114 690 185
139 628 209 692 dam
231 629 409 710 praestabat
431 629 459 692 ei
483 629 630 712 gratiam:
655 649 689 692 ex
714 630 827 711 quibus
849 630 954 694 uerbis
978 633 1009 694 et
1028 650 1062 694 ex
1082 630 1164 706 aliis,
1183 648 1262 712 quae

137 736 319 817 sequuntur,
348 734 426 798 duae
454 734 616 798 euidenter
641 734 818 798 iudicantur
844 754 912 800 esse
943 754 1093 819 personae
1127 739 1160 800 et
1191 735 1263 818 quia

136 839 220 903 lilius
253 838 303 903 dei
329 838 360 902 in
388 838 452 902 tilio
480 837 615 903 bominis
642 857 698 921 per
730 840 874 903 affectum
912 842 943 903 et
979 839 1111 923 gratiam
1149 843 1182 905 et
1215 860 1260 905 re·
1288 861 1300 902 a

135 945 283 1010 lationem
309 943 449 1008 habitare
476 943 629 1008 uideatur.
659 944 685 1007 si
709 945 779 1025 quis
803 962 875 1028 ergo
899 945 974 1009 haec
996 945 1041 1009 ita
1065 946 1149 1027 sapit
1172 946 1262 1011 docet

136 1052 235 1116 credit
265 1055 320 1116 aut
350 1050 508 1134 praedicat
540 1056 572 1115 et
603 1069 662 1114 non
694 1069 789 1114 unum
822 1051 1015 1132 eundemque
1043 1050 1204 1116 Christum
1230 1052 1261 1115 in

137 1158 258 1223 duabus
286 1157 431 1240 perfectis
460 1161 492 1221 et
517 1156 663 1221 indiuisis
685 1157 919 1239 inconfusisque
942 1157 1086 1241 agnoscit
1107 1159 1141 1221 et
1164 1156 1261 1221 credit

136 1283 205 1330 esse
227 1264 357 1340 naturis,
381 1262 544 1327 anathema
567 1263 618 1327 sit.

50 1453 113 1517 186
570 1458 729 1532 Capitulum
752 1459 827 1519 LVI.
1276 1480 1299 1520 ro

179 1585 254 1642 Nam
268 1583 415 1642 rationalis
429 1585 541 1659 quidem
556 1584 702 1659 proprium
717 1587 761 1643 est
774 1584 906 1644 discretio
919 1584 1056 1642 bonomm
1071 1583 1259 1643 etmalorum.

137 1690 199 1732 cum
223 1690 289 1731 uero
310 1690 368 1732 non
386 1676 483 1731 essent
501 1675 652 1743 contraria,
671 1691 727 1732 non
748 1675 809 1732 erat
827 1673 853 1731 ei
870 1672 1006 1747 possibile
1025 1671 1134 1746 aliquid
1154 1671 1259 1731 discer-

136 1779 213 1820 nere.
244 1762 365 1836 primum
388 1762 476 1836 igitur
498 1762 526 1821 in
550 1762 606 1833 his,
630 1779 702 1836 quae
725 1765 821 1821 creata
843 1764 920 1831 sunt,
948 1775 1080 1834 magnam
1105 1760 1259 1820 contrarie·

136 1853 224 1909 tatem
246 1849 324 1909 fecit.

50 1963 111 2028 187
178 1968 214 2032 In
251 1986 345 2051 supra
385 1967 500 2051 scripto
542 1968 797 2052 quinquagesimo
839 1971 924 2033 sexto
965 1968 1103 2050 capitulo
1146 1967 1260 2032 dieitur
1276 1991 1299 2032 s

134 2075 294 2141 rationalis
322 2074 481 2155 proprIum
509 2092 578 2138 esse
610 2073 828 2138 discretionem
859 2073 1010 2139 bonomm
1043 2076 1074 2138 ot
1104 2073 1259 2137 malorum

135 2185 167 2248 ot
196 2185 269 2263 post
297 2199 399 2262 pauca
429 2181 571 2263 sequitur
600 2180 744 2263 ‘primum
774 2180 871 2264 igitur
902 2181 933 2244 in
960 2180 1021 2256 his,
1050 2197 1128 2261 quae
1158 2182 1261 2245 creata

135 2289 219 2364 sunt,
241 2303 386 2369 magnam
410 2285 659 2350 contrarietatem
681 2284 781 2349 fecit‘:
807 2303 886 2366 quae
908 2283 1003 2348 uerba
1025 2283 1052 2346 si
1075 2301 1112 2348 ea
1131 2283 1259 2373 ,intenti-

135 2410 192 2457 one
211 2391 361 2469 dicamur,
380 2394 417 2454 ut
439 2390 532 2455 etiam
555 2389 629 2454 mali
652 2393 761 2454 natura
784 2390 867 2454 sicut
890 2391 922 2454 et
943 2389 1016 2454 boni
1033 2388 1259 2466 introducatur,

134 2499 299 2563 anathema
321 2497 372 2561 sit.
1276 2511 1300 2549 eo

46 2684 110 2752 188
561 2694 719 2768 Capitulum
742 2693 831 2752 LVII.
856 2709 858 2712 ’

167 2785 315 2887 'Quoniam
338 2819 512 2876 autemnon
536 2808 684 2876 obaudinit
705 2818 807 2889 Adam,
828 2817 930 2876 deinde
953 2817 1085 2876 subditus
1109 2818 1154 2875 est
1176 2814 1259 2874 morti

133 2909 162 2965 et
174 2905 281 2965 factum
296 2906 407 2965 esthon
422 2907 538 2980 propter
548 2905 798 2978 inoboedientiam,
810 2907 886 2981 qnod
902 2909 931 2964 et
950 2905 1259 2973 citra<in>oboedien·

222 3158 256 3213 10
279 3155 343 3231 Cap.
362 3157 422 3212 LVI
440 3183 473 3204 =
493 3154 553 3212 Aet:
574 3159 637 3229 Syn.
660 3160 706 3213 55:
731 3152 809 3212 ‘Item
831 3159 948 3213 suedas
968 3157 1144 3219 Tbco<do>ri
1166 3174 1200 3212 em
1215 3158 1278 3212 bia-

132 3263 202 3314 quoe
219 3251 283 3298 aaut
295 3246 327 3299 in
339 3247 508 3316 mespelium
520 3248 664 3301 seeundum
675 3246 859 3309 Meliboeam,
872 3249 903 3301 ἐπ
916 3247 1014 3314 quibus
1027 3246 1094 3301 dicit
1108 3249 1155 3313 (ee.
1170 3246 1257 3301 Theo-

133 3332 234 3402 dorus),
252 3334 325 3403 quod
342 3333 408 3388 deuo
425 3336 529 3388 creauit
547 3335 695 3399 ommacio,
713 3335 745 3388 id
761 3340 800 3390 eet
818 3335 891 3389 tono
909 3342 933 3390 et
950 3334 1035 3388 malo'
1052 3332 1084 3389 0⁴
1139 3336 1172 3390 21
1193 3333 1257 3405 Cap.

132 3422 206 3478 LVII
225 3447 257 3468 =
276 3422 335 3478 Aet.
359 3423 421 3492 Syn.
445 3425 491 3477 5¹5:
520 3423 597 3477 ‘Item
618 3423 734 3478 eiusdem
757 3427 804 3490 (se.
828 3423 972 3485 Theodori)
995 3424 1166 3488 ex<e>odem
1189 3424 1257 3478 libro

134 3510 202 3593 (scil.
226 3527 318 3564 comm.
341 3510 369 3564 in
392 3511 508 3578 maten),
532 3512 605 3580 quod
629 3512 694 3566 deus
711 3518 853 3580 peccatum
875 3511 967 3567 demit
990 3517 1015 3566 et
1038 3519 1148 3567 omnm
1171 3514 1257 3567 intro·

133 3597 221 3652 duait*
247 3596 280 3651 (7ι
304 3597 347 3666 (ef.
372 3596 403 3652 0.
427 3599 457 3652 Ρ.
480 3598 624 3665 I'ritzschc¹
649 3601 689 3653 De
713 3600 761 3654 rh.
786 3600 872 3670 Mops.
897 3600 956 3654 utta
980 3604 1007 3654 et
1031 3600 1147 3670 scriptis,
1171 3617 1197 3671 p.
1223 3600 1257 3654 64

134 3686 195 3740 adri.
214 3686 241 3753 3)
1008 3696 1010 3709 ¹

167 3846 344 3916 4sequntur
367 3845 393 3898 V
465 3845 628 3899 inducuntur
645 3846 714 3899 Bor.
803 3846 1002 3901 tralationem
1026 3846 1063 3900 V:
1086 3847 1152 3914 fort.
1180 3863 1255 3917 prae·

134 3931 263 3986 lationem
328 3934 360 3988 12
379 3935 470 3987 essent
490 3932 536 3986 0¹:
554 3933 656 3986 sint-³:V
734 3933 792 3988 erat
809 3951 841 3988 ee
859 3951 904 3989 ern
925 3933 956 3988 0¹
974 3938 1087 3989 mom2
1141 3937 1174 3989 22
1194 3932 1255 3988 eub-

134 4018 230 4082 ductus
252 4019 284 4074 0Ι
355 4021 388 4074 23
415 4020 598 4074 inobedIentia
622 4021 647 4074 V
731 4021 957 4076 inoboedientiam
976 4020 1089 4076 Surr'res:
1113 4021 1254 4077 oboedien-

134 4107 198 4160 tiam
221 4106 280 4161 1⁷0¹
