2904 4672
152 270 217 334 305
421 263 516 334 Uigilii
534 264 709 318 constitutum
729 263 761 317 dc
780 263 866 318 tribus
884 264 1014 334 capitulis¹

151 461 258 524 rabilis
287 458 454 542 opiscopus
481 457 644 522 intellectu
673 457 880 539 capitulorum
908 458 976 523 eins
1002 459 1131 524 meliore
1155 464 1279 542 recepto

151 564 335 630 multimode
352 563 513 640 refutauit,
533 563 617 628 sicut
633 563 872 628 interlocutione
895 564 1089 629 uenerandae
1111 566 1280 630 memoriae

142 665 295 757 Eunomii
327 669 478 735 ccclesiae
510 669 749 734 Nicomedensis
781 669 921 750 episcopi
957 670 988 732 in
1027 670 1135 735 eadem
1174 674 1281 736 sancta

64 768 128 832 270
153 775 396 842 Calchedonensi
419 775 537 857 synodo
555 774 722 840 residentis
741 774 976 840 euidentissime
996 776 1181 855 declaratur,
1202 795 1280 859 quae

143 886 187 948 ²se
218 882 264 947 ita
295 882 406 949 habet:
438 880 643 945 Eunomius
676 880 877 964 episcopus
907 881 1147 948 Nicomediae
1185 883 1280 947 dixit
1306 905 1318 943 ⁵

152 990 237 1054 ‘lam
273 987 419 1070 quidem
457 1006 498 1051 ex
536 986 610 1065 his,
652 1005 743 1069 quae
783 987 924 1052 relecta
964 990 1063 1065 sunt,
1104 988 1279 1053 innoxius

153 1094 381 1178 approbatus
423 1094 481 1156 est
519 1091 753 1157 uenerabilis
793 1093 889 1157 lhas.
930 1093 966 1157 in
1007 1094 1143 1176 quihus
1185 1095 1280 1158 enim

152 1198 308 1265 diceudo
323 1199 417 1263 male
437 1198 587 1280 culpare
605 1198 712 1262 nisus
732 1201 789 1262 est
806 1198 1065 1263 beatissimum
1088 1198 1280 1284 cyrillum,

151 1306 187 1372 iu
219 1304 420 1388 postremis
452 1306 553 1368 recte
586 1303 781 1369 confessus
812 1303 893 1381 illa,
926 1323 1018 1386 qnae
1046 1306 1279 1388 culpauerat

151 1410 344 1476 refutauit.
373 1409 467 1474 unde
496 1412 532 1474 et
555 1427 621 1492 ego
648 1409 1026 1475 anathematizantem
1049 1430 1128 1476 eum
1151 1411 1280 1477 Nesto·
1296 1435 1321 1474 ro

152 1517 246 1581 rium
269 1518 306 1580 et
327 1517 519 1599 Eutychen
543 1519 581 1580 et⁴
600 1514 714 1598 impia
737 1534 859 1580 eorum
885 1515 1056 1600 dogmata
1074 1520 1111 1581 et
1130 1534 1280 1583 consen-

152 1622 307 1687 tientem
335 1622 407 1700 his,
432 1640 523 1703 quae
547 1640 565 1710 a
588 1621 830 1686 sanctissimo
854 1621 1135 1705 archiepiscopo
1158 1623 1280 1688 Leone

153 1730 295 1811 scripta
321 1733 408 1792 sunt
439 1729 475 1792 et
501 1728 568 1791 hao
596 1726 804 1792 uniuersali
838 1726 992 1810 synodo,
1022 1727 1173 1811 dignum
1196 1747 1279 1793 esse

64 1830 126 1896 271
152 1835 371 1918 episcopatu
395 1833 570 1898 decerno‘.
588 1851 660 1896 nam
681 1835 712 1897 et
729 1832 916 1897 uenerabilis
936 1832 1103 1898 memorias
1120 1833 1280 1899 quenalis

150 1938 349 2004 interlocutio
377 1938 437 2003 hoc
463 1938 547 2003 idem
574 1937 746 2022 significat:
775 1937 859 2020 quod
886 1938 958 2003 lhas
986 1939 1153 2021 episcopus
1177 1940 1215 2005 de
1237 1940 1279 2017 id,
1298 1964 1322 2004 s

152 2044 236 2129 quod
253 2047 360 2109 sancto
381 2042 496 2126 cyrillo
520 2043 658 2125 capitula
675 2042 743 2107 eins
761 2043 851 2107 aliter
867 2043 1077 2128 intellegendo
1097 2043 1280 2124 dehaxerat,

151 2148 261 2234 postea
282 2148 452 2233 professus,
475 2149 550 2232 quia
572 2148 622 2212 his
645 2148 682 2215 ab
707 2167 743 2213 co
768 2148 939 2231 explanatis
962 2151 995 2213 et
1017 2169 1035 2213 a
1057 2168 1091 2214 se
1109 2149 1281 2216 intellectis

151 2255 183 2320 in
215 2253 464 2321 communionem
507 2253 575 2319 eius
609 2253 723 2319 denote
755 2255 943 2320 concurrerit
974 2256 1007 2319 et
1038 2255 1075 2320 de
1107 2255 1169 2335 his,
1202 2276 1281 2340 quae

151 2359 238 2443 prius
278 2359 368 2424 aliter
402 2359 605 2435 intellexerat,
643 2358 686 2423 sit
724 2377 906 2436 conuersus,
942 2363 1107 2442 propterca
1141 2363 1281 2446 recipere

152 2486 224 2532 enm
252 2465 466 2548 episcopatum
495 2465 635 2529 decreuit
660 2467 781 2547 utpote,
810 2467 962 2547 quantum
989 2465 1028 2530 ad
1054 2466 1282 2549 professionem
1297 2494 1323 2534 ao

64 2572 129 2638 272
152 2571 235 2650 iidei,
254 2570 458 2637 orthodoxum
478 2571 673 2647 existentem,
691 2570 736 2636 its
759 2571 882 2637 dicens:
907 2570 970 2654 qui
993 2575 1281 2667 conuertuntur,

153 2678 342 2760 scriptura
386 2676 514 2741 diuina
553 2677 698 2759 suscipi
737 2677 852 2741 iubet.
895 2680 1120 2761 quapropter
1159 2683 1197 2743 et
1238 2680 1281 2744 ah

119 2783 358 2849 haereticis
402 2785 636 2848 reuertentes
682 2783 920 2866 suscipimus.
966 2783 1061 2848 unde
1102 2785 1281 2865 penuideo

152 2888 499 2956 reuerentissimnm
536 2889 635 2954 Ibam
673 2888 803 2953 mereri
840 2889 1087 2968 clementiam,
1125 2889 1212 2972 quia
1245 2893 1283 2955 et

153 2997 356 3072 senescet,
375 2996 417 3058 nt
434 2994 570 3058 haheat
588 2994 827 3076 episcopatus
847 2993 1013 3077 gradum,
1032 2994 1277 3060 orthodoxum
1296 3021 1323 3061 rs

153 3100 382 3165 existentem.
424 3099 538 3182 quibus
578 3099 685 3164 uerbis
721 3098 780 3164 hoc
811 3099 1020 3184 intellegitur:
1054 3102 1148 3184 ‘qnod
1181 3102 1209 3168 si
1240 3103 1280 3167 ab

152 3205 315 3270 haereticis
355 3205 517 3270 uenientes
558 3205 759 3288 suscipimus,
801 3206 956 3287 quomodo
997 3208 1094 3284 iham,
1136 3209 1192 3291 qni
1233 3212 1282 3274 est

152 3311 342 3376 orthodoxus
366 3314 398 3375 et
419 3311 581 3376 intellectu
605 3310 814 3394 capitulorum
836 3311 922 3376 beati
945 3311 1054 3395 cyrilli
1071 3312 1232 3378 haesitans
1252 3314 1281 3379 ei

152 3417 279 3499 obloqui
306 3416 401 3482 uisus
423 3419 481 3495 cst,
509 3435 591 3481 nunc
618 3415 656 3480 ab
684 3435 731 3494 eo,
758 3418 790 3480 in
818 3436 879 3500 quo
907 3417 1083 3495 fallebatur,
1115 3419 1280 3485 intellectu

240 3659 257 3712 5
275 3654 309 3711 ci.
329 3672 408 3728 supra
426 3672 451 3725 p.
473 3657 533 3721 300,
552 3656 587 3711 20
606 3674 663 3727 sqq.
718 3656 750 3710 21
771 3656 803 3711 oi.
822 3674 904 3727 supra
922 3675 947 3728 p.
966 3658 1026 3723 298,
1045 3658 1079 3712 27
1098 3676 1156 3730 sqq.

187 3799 204 3852 6
221 3797 322 3850 relecta
339 3813 373 3852 cc
389 3796 484 3851 relicta
502 3813 571 3852 corr.
593 3796 621 3851 V
705 3797 737 3851 ll
758 3797 881 3852 eutichen
905 3798 930 3851 V
1012 3799 1045 3852 13
1064 3800 1224 3854 uniuersalis
1248 3800 1280 3860 V,

150 3883 257 3938 corraei
275 3885 320 3952 (cf.
334 3901 364 3953 p.
386 3886 455 3952 300,
473 3887 524 3948 26)
598 3884 631 3938 18
650 3885 833 3939 communione
856 3885 888 3951 V,
906 3901 974 3943 corr.
993 3885 1062 3940 Bor.
1132 3888 1167 3942 19
1184 3889 1221 3943 sit
1238 3886 1278 3942 0²:

151 3972 174 4025 si
193 3971 227 4026 ud
249 3971 277 4026 V
311 3959 312 3962 ¹
351 3973 557 4027 attenuantes
580 3971 612 4036 V,
631 3988 698 4027 corr.
719 3991 737 4024 α
809 3974 843 4028 26
861 3973 932 4043 qnod
950 3974 973 4027 si
992 3971 1031 4027 0²:
1051 3990 1105 4043 qua
1124 3977 1229 4040 (relicto
1246 3974 1277 4029 ob

151 4059 254 4114 laesam
268 4061 452 4115 nrcmbrooom
466 4061 570 4114 lamma
578 4061 640 4128 fere
660 4060 677 4114 5
696 4062 858 4126 litterarum)
873 4062 896 4114 si
913 4061 939 4114 V
1007 4062 1040 4116 28
1055 4063 1234 4117 orothodoxns
1257 4061 1281 4115 V

151 4149 185 4203 29
204 4148 237 4203 ab
257 4164 288 4203 eo
308 4149 348 4202 oi:
367 4148 454 4203 habeo
478 4150 504 4203 V
570 4149 725 4204 intellectus
748 4149 779 4213 V,
798 4165 866 4204 corr.
886 4148 912 4200 o²
