2902 4672
197 235 239 299 46
388 232 429 287 De
448 231 642 287 constructione
659 231 786 287 basilicae
803 232 889 287 sancti
907 231 1023 302 apostoli
1039 230 1117 286 Pauli

196 430 329 511 urguent
359 426 565 508 insequuntur
596 428 792 510 oppugnant3
824 428 912 490 tanta
941 423 1172 508 perseuerantia
1204 425 1314 491 erroris

195 536 253 610 est,
282 533 317 595 ut
343 550 415 595 eum
442 528 511 594 aliis
539 528 678 594 diuersae
706 528 921 594 absentantiae
948 528 1154 594 sectatoribus
1187 529 1314 595 cottidie

152 633 171 697 6
194 654 320 717 peecare
351 634 461 700 malint
491 653 584 717 quam
616 653 689 699 cum
716 634 877 699 catholicis
900 638 984 699 reeta
1006 634 1128 700 sentire.
1196 635 1228 701 in
1252 654 1313 719 qun

194 745 355 824 petentum
384 741 540 806 laudanda
569 739 668 806 illatio
700 744 758 818 est,
791 739 844 822 qui
876 740 1139 805 communicantes
1164 739 1313 826 Gregorio

194 846 395 930 Hispaniensi
426 849 458 911 et
486 845 669 911 Heraclidae
702 843 859 930 Orientali,
892 844 1008 910 sanctis
1040 863 1113 910 sane
1145 849 1179 910 et
1207 845 1314 912 lauda
1338 866 1357 916 ‚a

194 953 310 1017 bilibus
342 935 508 1034 episcopis,
531 953 642 1034 optant
666 951 697 1014 in
724 950 784 1014 fide
811 950 965 1015 eathohca
991 949 1056 1016 sine
1083 951 1314 1036 oppugnatione

196 1057 328 1122 alicuius
352 1077 388 1123 ae
410 1056 555 1122 molestia
575 1056 683 1122 uiuere
706 1057 862 1139 nullisque
885 1060 1087 1138 appetentum
1103 1058 1226 1123 insidiis
1245 1077 1315 1125 eon·

196 1163 455 1245 uentionibusque
473 1161 600 1245 pulsari,
617 1163 730 1244 quippe
750 1162 862 1245 quibus
882 1163 1004 1245 placeat
1022 1166 1201 1247 susceptam
1219 1163 1316 1229 semel

152 1267 170 1330 7
194 1268 287 1333 fidem
306 1268 389 1334 omni
405 1269 437 1333 in
456 1286 568 1333 aeuum
586 1268 735 1352 religione
754 1284 886 1332 seruare.
945 1267 988 1333 sit
1000 1268 1105 1350 itaque
1118 1268 1315 1357 inuiolatum¹

196 1373 344 1457 quicquid
376 1391 444 1438 esse
475 1373 590 1438 meruit
621 1375 797 1449 aetemum3
829 1392 889 1439 non
918 1374 1080 1438 conuentio
1104 1374 1232 1457 aliquid,
1256 1393 1316 1440 non
1334 1394 1359 1435 ιο

196 1479 357 1562 appetitio,
380 1498 440 1543 non
468 1479 554 1544 fraus
587 1481 751 1559 attemptet
782 1479 899 1555 aliena3
932 1481 1068 1557 utantur,
1101 1498 1162 1562 que
1188 1480 1220 1544 in
1247 1478 1316 1545 loco

195 1585 360 1663 noluerint,
388 1584 547 1666 proposito
575 1603 643 1662 suo,
666 1586 795 1648 utantur
816 1584 855 1649 ad
882 1584 1067 1650 catholicam
1093 1583 1187 1649 fidem
1214 1603 1317 1651 amore

152 1690 311 1766 8diuino‚
346 1689 463 1773 Cynegi
494 1708 604 1772 parens
637 1689 796 1755 carissime
828 1693 921 1772 atque
953 1689 1174 1755 amantissime.
1246 1691 1317 1756 sub-

194 1795 312 1860 limitas
343 1798 400 1860 tua
430 1798 630 1876 praeceptum
661 1798 784 1860 nostrae
816 1794 1001 1873 serenitatis,
1034 1815 1095 1878 quo
1132 1795 1316 1862 catholicam

194 1900 287 1964 fidem
328 1900 412 1966 omni
452 1901 557 1965 fauore
598 1919 790 1979 ueneremur,
829 1900 894 1964 siue
931 1920 993 1983 qua
1029 1900 1110 1965 salui
1151 1920 1219 1966 esse
1257 1920 1317 1966 non
1334 1921 1361 1964 re

194 2024 374 2088 possumus,
402 2005 448 2070 ita
473 2005 581 2071 iubeat
607 2005 766 2082 custodiri,
795 2008 830 2070 ut
859 2004 1044 2089 Gregorium
1067 2009 1099 2071 et
1119 2005 1317 2071 Heraclidam

197 2130 301 2176 sacrae
322 2110 402 2194 legis
426 2109 582 2176 antistites
606 2114 786 2193 ceterosque
810 2130 916 2176 eorum
935 2111 1112 2176 consimiles
1131 2099 1317 2189 sacerdotes,

197 2215 251 2298 qui
274 2234 307 2281 se
328 2215 420 2299 parili
442 2216 657 2281 obseruantiae
680 2215 839 2294 dederunt,
863 2217 900 2281 ab
923 2217 1134 2298 improborum
1156 2217 1318 2281 hominum

197 2324 290 2403 atque
325 2320 551 2388 haereticorum
586 2325 712 2386 tueatur·
747 2324 779 2386 et
814 2322 959 2388 defendat
993 2322 1114 2386 iniuriis
1155 2321 1318 2404 sciantque

197 2425 299 2490 cuncti
328 2426 362 2490 id
389 2426 494 2492 sedere
523 2427 632 2492 animis
660 2427 784 2501 nostris,
808 2429 845 2491 nt
867 2427 1002 2491 cultores
1027 2426 1246 2500 omnipotentis
1269 2426 1318 2492 dei
1335 2450 1362 2492 ao

197 2550 257 2596 non
281 2531 366 2596 aliud
389 2531 449 2596 nisi
473 2531 643 2597 catholicos
666 2550 735 2597 esse
759 2533 929 2597 credamus.

732 2757 794 2842 (b)

289 2897 330 2943 DE
355 2896 605 2945 consnaucslomr
628 2898 794 2944 namucus
818 2897 931 2951 SANG'H
953 2897 1102 2945 aposnom
1124 2897 1227 2945 raum.

242 3020 492 3076 unnuunmrnnns
530 3021 715 3067 nunonosrus
747 3014 798 3066 nn'
817 3021 971 3067 sacramus
1009 3021 1141 3066 nuousm
1176 3020 1321 3068 sanusnro

198 3124 379 3171 resumere
401 3125 499 3174 urens.
562 3107 817 3174 Desiderantibus
840 3105 929 3172 nobis
953 3105 1212 3190 contemplatione
1230 3094 1365 3187 uene-'en

199 3212 326 3277 rationis
367 3212 540 3294 antiquitus
580 3212 642 3277 iam
683 3215 818 3278 saeratae
856 3213 1018 3278 basilicam
1058 3211 1149 3276 Pauli
1189 3211 1323 3295 apostoli

199 3337 254 3402 pro
283 3316 487 3383 sanctimonio
518 3316 677 3402 religionis
710 3337 826 3394 ornare,
857 3338 913 3400 pro
941 3318 1114 3400 quantitate
1150 3320 1322 3383 conuentus

201 3421 402 3505 amplificare,
446 3441 501 3506 pro
547 3423 651 3488 studio
692 3422 867 3489 deuotionis
909 3425 1050 3489 attollere
1095 3427 1218 3507 gratum
1250 3422 1324 3488 ‘fuit

200 3531 288 3602 tuae:
309 3527 513 3593 sublimitatis
550 3526 701 3608 officium,
739 3529 822 3612 quod
862 3528 901 3594 ad
940 3529 1132 3611 inspicienda
1166 3528 1322 3608 uniuersa,

236 3752 339 3805 tracte
348 3750 451 3805 Hartel
484 3749 700 3820 bheraclydeV
732 3752 1087 3822 dcircmnuentionibusqne
1101 3750 1181 3807 Sirra,
1216 3751 1323 3806 bomne

204 3838 365 3908 ..religiose
382 3837 485 3892 Hartel
534 3839 566 3893 13
585 3837 688 3909 Cynegi
705 3856 731 3909 p.
746 3855 767 3893 c.
783 3855 806 3892 a.
819 3857 842 3893 a.
860 3839 942 3908 auhn
960 3840 1192 3910 ceoiunpehamar
1209 3854 1268 3894 etam
1285 3839 1323 3894 eia

115 3920 120 3931 ’
204 3942 275 3995 puae
290 3931 439 3993 aeprmntur
491 3927 525 3980 15
544 3926 600 3981 sine
614 3925 729 3994 a'cn'pai:
747 3929 776 4008 et
793 3927 850 3980 sine
875 3927 902 3978 V·
949 3927 981 3980 16
998 3925 1214 3997 heraclydamV

240 4014 269 4068 Β.
323 4012 391 4066 Dat.
411 4028 437 4066 a.
457 4015 524 4068 386.
577 4013 631 4067 Ed.
650 4013 801 4080 Barbatus,
818 4014 922 4069 dunel.
941 4016 1002 4069 cccl.
1022 4015 1060 4069 ad
1078 4031 1180 4070 annam
1195 4016 1262 4083 386,
1275 4010 1322 4068 20.

206 4098 399 4155 secretarius
422 4098 448 4151 V
499 4101 533 4155 29
552 4099 586 4153 ad
603 4100 687 4156 Bar..·
705 4100 738 4156 ab
762 4100 788 4155 V
