2904 4672
591 115 878 185 Prolegomena.
1134 114 1295 183 LXXXIII

176 309 268 372 anias
289 309 420 372 essentia
443 309 595 372 trinitatis
616 308 690 386 VH:
713 307 746 372 id
769 307 852 390 quod
873 327 970 372 unum
992 326 1107 376 uerum,
1126 309 1175 371 est
1199 305 1295 370 anias

175 414 321 478 essentiae
343 413 482 479 trinitate
513 416 545 478 et
566 414 618 477 hia
641 416 673 477 et
696 412 783 489 705„
806 415 838 478 et
861 413 951 496 70612
971 412 1089 476 dudum
1110 412 1294 477 restitutum

175 522 230 584 est.
300 519 392 602 705ΗΕ
415 519 504 582 deam
526 518 651 582 nerbnm
673 520 870 581 incarnatam
887 522 930 582 esi
948 521 979 583 ot
995 518 1024 581 V
1043 520 1075 582 et
1091 518 1122 581 H
1139 517 1219 582 falso
1237 537 1292 600 pro

173 625 248 688 dens
269 624 397 688 naham
417 625 599 687 incarnatas
621 626 673 687 est.
743 625 832 707 7051⁷
856 624 1022 687 secandam
1043 623 1093 687 aa
1109 622 1195 687 nerbi
1212 624 1293 687 irati·

171 730 298 793 nitatem
329 729 388 792 VH
420 731 562 811 corrupte
594 746 648 811 pro
679 728 845 792 secandam
880 729 931 792 dei
966 727 1054 792 uerbi
1080 727 1290 801 amittentem.

172 836 247 910 706δ
262 853 328 917 sqq.
342 834 522 915 passibilem
545 834 632 897 carni
654 833 872 914 impassibilem
894 833 1013 908 deitati,
1032 833 1294 913 circumscriptam

169 941 291 1019 corpori
302 959 365 1002 nan
378 938 640 1018 circumscriptam
652 939 779 1034 spiritui
793 939 865 1011 VH:
880 938 911 1002 in
927 938 1041 1020 quibus
1056 937 1161 1003 uerbis
1175 930 1292 1001 librarii

170 1044 376 1110 describentis
406 1062 506 1109 errore
533 1063 594 1108 uno
622 1044 691 1110 loco
720 1044 887 1110 commisso
914 1043 1033 1108 tactum
1061 1061 1129 1109 esse
1156 1043 1290 1121 uidetur,

168 1153 206 1214 ut
228 1149 323 1213 etiarn
346 1170 400 1233 pro
420 1150 531 1213 ceteris
551 1149 675 1214 casibus
695 1149 841 1214 ablatiuis
860 1159 1045 1232 ponerentur
1063 1148 1170 1214 datiui.
1192 1168 1291 1232 neque

170 1255 252 1319 enim
280 1253 369 1319 credo
398 1273 480 1332 eum,
504 1255 557 1336 qui
584 1256 662 1319 hanc
690 1255 949 1338 supplicationem
973 1274 989 1319 e
1013 1253 1131 1319 Graeco
1154 1254 1185 1317 in
1208 1253 1286 1318 Lati·

169 1379 243 1424 num
275 1379 449 1425 sermonem
480 1360 642 1425 transtulit
671 1379 727 1425 nec
758 1360 919 1425 meliorem
950 1378 1005 1424 noc
1032 1358 1168 1442 peiorem
1196 1377 1290 1440 quam

169 1485 229 1546 quo
262 1484 367 1531 omnes
399 1465 462 1530 fere
493 1464 624 1530 litterati
655 1465 722 1529 eius
753 1465 902 1548 temporis
934 1464 1076 1529 homines
1111 1464 1288 1542 utebantur,

169 1570 291 1635 datiuos
325 1569 458 1636 Graecos
491 1571 569 1636 falso
602 1571 696 1636 etiam
727 1571 758 1635 in
789 1571 899 1636 Latino
936 1569 1125 1653 expressisse
1161 1569 1287 1646 latinis,

166 1676 349 1758 praesertim
378 1675 411 1739 in
436 1675 571 1740 formula
592 1676 648 1740 illa
664 1676 843 1756 passibilem
865 1696 965 1750 earne,
987 1674 1205 1756 impassibilem
1226 1675 1288 1738 alei-

166 1784 226 1845 late
249 1784 324 1844 tunc
346 1781 515 1863 unicuique
536 1782 645 1845 Latine
668 1782 721 1846 uel
738 1781 936 1847 mediocriter
954 1781 1045 1847 docto
1065 1779 1186 1845 abunde
1203 1783 1286 1844 nota.

168 1887 243 1970 707⁶
267 1904 333 1967 sqq.
357 1884 567 1964 supplicamns
585 1886 679 1966 ipilnr
695 1890 832 1951 nestram
848 1885 1037 1950 elementiam
1053 1883 1285 1948 sollicitudinem

165 1991 201 2056 ae
221 1991 360 2072 perfecta
387 1989 582 2054 ecclesiaram
608 1992 744 2055 unitione
769 1995 947 2055 sanctarum
972 1989 1081 2054 babere
1111 1989 1223 2065 delae,
1252 1992 1287 2052 nt

163 2099 277 2173 unitas,
300 2118 377 2176 qnae
406 2117 474 2160 anm
496 2097 546 2161 aet
564 2097 656 2179 faeta
681 2097 776 2179 riserit
798 2098 964 2172 innamina
987 2117 1042 2160 nee
1063 2086 1124 2160 nlla
1145 2095 1286 2175 deinceps

163 2202 341 2267 rationabili
371 2207 427 2265 ant
457 2202 670 2267 inrationabili
699 2204 864 2268 occasionis
891 2205 1001 2287 fomite
1023 2202 1192 2287 inquietari
1216 2221 1287 2281 parc

162 2310 258 2388 possit
280 2309 349 2384 VH,
372 2304 433 2373 nisi
455 2309 537 2390 quod
561 2307 589 2371 V
612 2309 730 2374 omittit
751 2310 788 2374 ile
810 2313 842 2375 et
855 2311 954 2394 faeta.
984 2308 1103 2391 aliquid
1125 2309 1284 2372 turbatum

164 2432 232 2478 esse
254 2413 286 2477 in
309 2414 472 2497 propatulo
496 2418 558 2490 est:
587 2434 643 2499 ego
666 2418 739 2497 post
760 2416 917 2479 iananrine
939 2414 1056 2480 inserui
1083 2414 1284 2478 anstodiatnr.

207 2519 316 2599 Itaque
340 2537 412 2582 cum
433 2519 586 2583 Auellana
609 2539 644 2583 ex
666 2519 822 2584 Hadriana
843 2520 986 2585 hausisse
1009 2539 1068 2584 non
1091 2520 1201 2602 possit,
1220 2519 1284 2580 tres

162 2624 233 2688 illas
262 2624 412 2707 epistulas
439 2625 596 2689 Hadriane
624 2628 679 2689 aut
706 2645 742 2689 ex
767 2626 836 2709 ipse
857 2626 1011 2690 Auellana
1033 2623 1208 2706 desumpsit
1229 2625 1284 2687 aut

164 2749 198 2794 er
225 2730 310 2794 fonte
341 2730 511 2795 Auellanae
538 2731 559 2796 i.
583 2751 610 2798 e.
632 2731 775 2814 registris
804 2730 887 2795 sedis
920 2730 1118 2814 apostolicae.
1151 2747 1283 2811 quorum

163 2839 266 2899 utrum
295 2836 494 2900 statuendum
523 2836 573 2901 sit.
598 2836 688 2900 facile
715 2836 884 2919 perspicies
912 2835 1060 2900 adhibitis
1083 2833 1282 2910 lectionibus,

162 2959 237 3022 quas
264 2941 296 3004 in
324 2960 371 3022 ep.
396 2942 458 3004 236
487 2941 588 3005 obfert
613 2941 761 3023 Hispane.
795 2941 849 3006 ubi
878 2959 949 3010 cum
973 2933 1092 3021 aliquot
1114 2939 1175 3003 loci
1196 2957 1291 3027 repe·¹

160 3045 286 3123 riantur,
310 3045 424 3127 quibus
448 3065 553 3110 ueram
575 3046 740 3111 lectionem
764 3047 937 3111 seruauerit
959 3065 1020 3109 una
1037 3045 1185 3127 Hispana,
1210 3064 1280 3109 cum

161 3150 286 3215 eandem
316 3152 523 3234 corruptelam
552 3145 762 3234 deprehendas
789 3152 820 3215 in
848 3152 876 3215 V
898 3155 929 3216 et
951 3149 1021 3237 H‚1)
1044 3151 1171 3233 apparet
1198 3169 1279 3225 eum,

193 3340 214 3406 ¹)
235 3340 267 3392 ci.
287 3342 360 3411 717st
379 3341 509 3395 remansit
527 3340 616 3410 Hisp:
636 3357 686 3394 om.
705 3341 767 3405 VH;
787 3341 860 3414 72010
880 3341 1032 3396 doctrinam
1049 3340 1139 3411 Hispa
1154 3339 1281 3393 doctrina

158 3426 206 3481 VH
260 3427 382 3482 addenda
399 3428 525 3482 uidentur
542 3429 631 3493 uerba,
651 3443 718 3498 quae
736 3428 861 3499 leguntur
879 3431 952 3502 719Η
971 3446 1042 3498 sqq:

378 3534 468 3602 Hisp:
977 3535 1042 3588 VH:

157 3637 284 3689 acapnum
306 3626 344 3674 est
365 3627 477 3675 saeratae
498 3626 522 3674 el
543 3622 690 3690 incompre·
744 3617 871 3692 ancipitum
893 3629 930 3676 est
951 3628 1063 3676 stinctae
1085 3627 1110 3675 et
1131 3622 1278 3689 irrcarnpre-

156 3707 285 3761 tensibile
297 3709 449 3777 mysterium
463 3710 608 3763 trinitatis:
627 3711 691 3764 aens
743 3711 872 3764 tensibile
883 3712 1035 3780 mysterium
1049 3711 1196 3764 trinitatis:
1214 3707 1278 3761 dens

152 3802 243 3863 pater,
275 3795 339 3849 dens
363 3797 452 3865 filins,
484 3797 548 3851 deas
578 3799 690 3865 spiritns
739 3805 829 3868 pater,
859 3799 926 3854 ¹(lens
955 3799 1040 3867 pilius,
1072 3799 1136 3852 (nrm
1166 3797 1278 3865 spiritns

154 3888 269 3937 sanans
284 3884 395 3938 trinitas
411 3885 543 3952 indiuisa,
558 3892 582 3940 et
600 3892 690 3939 tamen
742 3893 854 3942 saratas
871 3889 983 3942 trinitas
999 3888 1132 3953 indiuisa,
1146 3890 1171 3939 et
1188 3891 1278 3938 tamen

155 3977 249 4025 riotnrn
266 3976 312 4038 est,
330 3973 396 4039 qaia
413 3975 557 4040 propriam
579 3979 617 4027 est
638 3991 689 4042 pa·
742 3982 835 4029 aotam
858 3982 905 4043 est,
929 3977 994 4045 qnia
1014 3976 1156 4046 propriam
1175 3974 1279 4042 patris>
