2904 4672
543 213 830 283 Prolegomena.
1088 204 1245 282 LXXXIX

124 406 257 486 utraque
281 405 417 488 epistula
438 406 543 470 minus
566 408 644 471 bene
668 407 807 472 exhibuit
825 408 952 486 eosdm,
975 408 1008 472 id
1027 409 1110 491 quod
1128 409 1246 473 librarii

123 513 246 575 tantum
284 511 376 576 errori
414 511 653 577 adtribuendum
690 532 758 578 esse
794 514 825 577 in
857 516 1020 596 propatulo
1058 518 1115 580 est.
1153 535 1246 596 quem

125 635 257 682 errorem
286 616 346 680 nisi
374 618 444 699 quis
472 618 535 683 iarn
564 620 723 683 anotaric
748 619 830 684 sedis
855 621 1055 703 apostolicae,
1079 622 1132 702 qni
1155 621 1245 686 iussu

123 744 221 808 papae
246 713 414 809 epistulam
435 724 615 789 Pcssessori
637 725 906 790 transmittendam
934 727 1047 791 litteris
1074 727 1244 805 mandauit,

124 831 329 895 commissum
358 850 393 896 ac
421 831 490 895 dein
517 850 572 912 per
600 831 703 896 omnia
730 831 916 915 exemplaria
941 835 1148 915 propagatum
1175 850 1243 896 esse

121 936 282 1017 putauerit
305 935 351 1020 (id
375 936 457 1019 quod
480 936 564 1001 haud
587 936 632 1000 ita
655 936 720 1000 neri
743 937 868 1001 uidetur
891 936 1003 1000 simile
1018 936 1110 1023 esse),
1139 936 1242 1018 aliquo

122 1041 215 1107 modo
247 1043 407 1124 probabile
437 1041 473 1105 fit
502 1043 564 1106 iam
595 1042 699 1124 ipsum
731 1042 923 1107 Maxentium
950 1062 1047 1125 papae
1075 1042 1242 1124 epistulam

123 1166 179 1212 suo
207 1149 355 1214 tractatui
383 1147 602 1231 praeposuisse
631 1148 856 1229 coniunctaque
884 1147 1019 1212 edidisse
1047 1151 1078 1212 et
1104 1147 1187 1212 hunc
1211 1152 1243 1212 et

121 1253 220 1318 illam.
252 1255 457 1336 nequeenim
488 1253 580 1317 facile
612 1253 778 1318 credideris
810 1253 842 1318 id
874 1254 1026 1335 epistulae
1057 1252 1243 1318 Hormisdae

123 1361 309 1443 exemplum,
349 1358 431 1443 quod
467 1358 571 1424 nescio
610 1358 681 1441 quis
717 1358 902 1441 quandoque
937 1358 1082 1423 Maxentii
1117 1359 1242 1441 scriptis

122 1465 299 1542 inseruerit,
332 1484 406 1530 casu
439 1465 573 1549 quodam
604 1466 674 1530 loco
705 1464 759 1529 illo
791 1464 874 1530 idem
901 1464 1015 1528 uitium
1043 1463 1241 1542 contraxisse,

124 1590 185 1655 quo
214 1570 418 1653 deprauatnm
447 1574 514 1635 erat
541 1573 596 1635 aut
623 1570 777 1654 exemplar
805 1569 959 1652 epistulae
986 1570 1024 1634 ad
1050 1569 1241 1634 Maxentium

124 1676 262 1741 delatum
290 1678 345 1741 aut
372 1678 525 1740 tractatus
552 1674 700 1739 Maxentii
727 1674 911 1757 exemplum,
939 1692 1000 1756 quo
1027 1674 1172 1738 utebatur
1202 1672 1241 1750 is,

123 1783 177 1864 qui
200 1781 227 1846 ei
250 1781 436 1847 Hormisdee
459 1781 627 1864 epistulam
650 1779 799 1844 adiunxit.

167 1887 229 1954 Sed
250 1885 310 1952 hoc
332 1887 400 1970 ipse
423 1886 571 1952 confiteor
592 1887 685 1968 paulo
709 1904 778 1950 esse
801 1884 957 1951 incertius.
980 1885 1010 1948 in
1031 1884 1149 1950 edenda
1165 1902 1240 1947 uero

124 1993 259 2076 epistula
287 2011 355 2070 eam
378 1994 506 2057 secutus
530 2011 601 2056 sum
622 1991 783 2068 rationem,
807 1994 843 2056 ut
865 1991 1074 2056 recensionem
1098 1989 1126 2053 V
1148 2008 1239 2071 qnam

122 2098 356 2171 accuratissime
391 2097 550 2162 redderem
587 2097 843 2179 emendaremque
881 2114 917 2160 ex
951 2097 1006 2179 θμ
1042 2096 1086 2160 eis
1116 2098 1239 2160 tantum

121 2204 211 2284 locis,
244 2204 298 2268 ubi
327 2204 394 2269 sola
420 2202 616 2267 librariorum
643 2202 761 2267 incuria
788 2202 892 2285 eliqua
922 2205 977 2265 eut
1012 2202 1126 2266 omissa
1156 2200 1242 2265 uide·

121 2312 229 2374 rentur
259 2311 314 2373 aut
345 2308 513 2391 deprauata
544 2327 623 2387 esse,
655 2327 756 2389 neque
778 2312 881 2372 tamen
904 2307 1072 2390 reciperem
1095 2325 1139 2384 ea,
1163 2325 1241 2388 quae

122 2434 141 2480 a
161 2414 338 2479 recensione
361 2413 390 2479 V
412 2413 516 2495 aliquo
540 2412 632 2478 modo
656 2412 772 2477 afuisse
796 2411 928 2496 cogitari
950 2412 1088 2493 possent.

166 2605 344 2672 Scribebem
366 2605 504 2670 Berolini
526 2625 632 2671 mense
656 2604 783 2671 Octobri
806 2625 832 2671 a.
858 2605 953 2670 1895.

902 2827 944 2916 0.
973 2825 1186 2916 Giinther.
