2904 4672
183 219 247 281 252
451 213 546 284 Uigilii
564 215 741 268 coustitutum
759 211 792 267 dc
809 211 896 266 tribus
915 213 1039 282 capitulis

179 417 325 487 tamqnam
353 414 523 472 saluatorem
551 417 579 472 et
606 413 730 473 omninm
758 416 894 473 bonorum
927 416 1071 472 auctorem
1104 417 1134 472 et
1165 414 1303 472 doctorem

180 503 318 572 ueritatis
341 503 377 560 ab
401 503 463 576 ipso
486 506 585 576 utpote
605 506 718 561 auctore
737 502 874 562 bonorum
894 506 922 560 et
940 504 1054 561 doctore
1073 501 1205 560 ueritatis
1224 519 1302 560 uoca-

179 594 285 661 rentur,
314 591 389 653 sicut
416 592 546 651 omnibus
572 591 735 650 hominibus
763 608 968 665 quamcumque
992 593 1098 650 sectam
1122 589 1303 664 sequentibus

142 734 144 739 .
180 682 354 739 consuetudo
384 685 427 739 est
454 681 575 754 abipso
599 680 740 754 dogmatis
763 680 909 739 inuentore
933 680 1039 747 uocari,
1062 682 1095 737 ut
1116 679 1259 738 Platonici
1279 682 1304 736 ot

178 769 305 843 Epicurii
328 772 356 827 et
377 769 538 827 Manichaei
561 773 589 826 et
610 769 809 827 Marcionistae
833 772 861 827 et
884 769 909 826 si
932 768 1046 841 quidam
1068 768 1141 827 tales
1165 768 1302 828 dicuntur.
1328 780 1338 820 s

128 849 165 910 81
179 859 278 916 eodem
301 859 375 915 enim
398 858 480 916 modo
500 860 528 915 et
545 874 597 915 nos
616 857 756 915 nominari
775 857 950 915 Christianos
968 856 1168 914 iudicauerunt
1186 857 1305 929 apostoli
1371 916 1374 921 ,

178 949 324 1019 tamquam
352 964 402 1020 per
429 946 482 1004 hoc
506 949 612 1004 certum
636 945 784 1015 facientes,
809 946 885 1019 quod
907 945 990 1003 istius
1013 945 1172 1004 doctrinam
1196 947 1306 1018 oportet

179 1036 348 1093 adtendere:
377 1035 417 1093 sic
447 1037 483 1104 et,
513 1036 588 1107 qued
617 1035 653 1092 ab
681 1034 744 1108 ipso
768 1035 865 1092 datum
888 1037 940 1104 est,
965 1033 1143 1108 susciperent
1164 1033 1306 1108 baptisma

179 1124 207 1181 in
234 1124 296 1197 ipso
325 1124 438 1197 quidem
464 1118 556 1198 prl'mo
585 1123 780 1193 constitutum,
800 1123 860 1196 ,qui
887 1125 916 1180 et
938 1122 1044 1196 primns
1066 1122 1232 1200 baptizatus
1254 1124 1303 1194 est,

179 1214 214 1270 ab
242 1213 304 1286 ipso
332 1216 426 1270 autem
454 1216 482 1270 et
510 1211 610 1271 ceteris
637 1212 781 1283 traditum,
805 1216 838 1270 nt
860 1213 1015 1270 secuudum
1038 1211 1304 1284 praeformationem
1319 1222 1340 1265 n

125 1300 336 1370 82hrturorum
359 1302 526 1360 celebretur.

222 1420 255 1483 In
285 1439 379 1503 snpra
406 1419 522 1501 scn‘pto
555 1419 688 1501 septimo
722 1419 841 1485 decimo
874 1419 1011 1501 capitulo
1036 1437 1070 1482 er
1094 1419 1199 1510 uerbis
1223 1418 1305 1484 beati

177 1526 272 1603 Petri,
288 1527 401 1608 quibus
416 1526 448 1590 iu
474 1526 595 1590 actibus
616 1527 828 1607 apostolorum
848 1525 924 1590 dicit
943 1525 1175 1606 baptizetur
1194 1545 1305 1590 unus-

178 1632 351 1713 quisque
374 1634 554 1699 uestrum
577 1632 611 1696 in
636 1632 791 1696 nomine
814 1631 907 1695 Iesu
931 1629 1103 1707 Christi,
1127 1631 1185 1696 hoc
1206 1635 1304 1696 astru

177 1740 250 1815 itur,
275 1739 348 1820 quia
370 1739 401 1802 iu
425 1757 460 1802 ea
483 1739 689 1815 inuocatione,
713 1757 791 1819 quae
814 1738 845 1801 in
868 1737 992 1801 nomine
1016 1737 1113 1819 petris
1137 1741 1168 1801 et
1191 1737 1250 1801 filii
1273 1743 1304 1804 et
1319 1751 1340 1792 1⁵

178 1845 307 1927 spiritus
336 1845 436 1910 sancti
463 1844 507 1920 fit,
536 1865 596 1909 uon
620 1845 814 1909 contineatur
837 1847 869 1908 et
892 1842 1035 1909 Christus
1059 1847 1099 1920 et,
1123 1845 1208 1925 quod
1232 1845 1306 1910 dixit

176 1951 289 2016 Petrus
318 1951 478 2034 apostolus
508 1951 617 2015 debere
645 1969 699 2015 eos
722 1951 752 2014 in
777 1948 893 2015 Christi
916 1949 1038 2013 nomine
1060 1948 1222 2031 baptizari,
1246 1972 1304 2017 non

176 2057 321 2122 uideatur
347 2056 495 2121 trinitatis
524 2057 717 2140 significasse
744 2056 937 2139 mysterium,
967 2074 1001 2119 ac
1028 2075 1083 2138 per
1109 2057 1169 2122 hoc
1201 2077 1304 2124 conse·

177 2182 275 2246 quens
294 2167 343 2228 est
361 2168 405 2240 nt,
426 2182 497 2228 cum
515 2163 547 2228 in
565 2163 716 2228 trinitatis
736 2163 859 2228 nomine
877 2163 1062 2244 baptizatur,
1081 2182 1142 2228 non
1161 2165 1305 2230 uideatur

175 2270 206 2333 in
236 2269 352 2335 Christi
381 2269 504 2334 nomine
530 2270 691 2352 baptizari,
726 2273 761 2333 ut
793 2268 963 2334 secundum
996 2270 1078 2333 hunc
1109 2269 1303 2336 intellectum
1320 2283 1341 2322 ²⁰

122 2380 164 2442 83
176 2384 320 2458 appareat
360 2375 537 2440 introducta
578 2377 778 2457 quaternitas.
821 2375 953 2439 adicitur
995 2376 1087 2440 etiam
1126 2376 1157 2439 in
1195 2377 1303 2442 eodem

175 2483 323 2564 capitulo,
357 2481 430 2563 qnia
462 2482 507 2545 sic
540 2501 557 2545 a
590 2480 713 2546 Christo
747 2480 915 2545 Christiani
952 2501 1109 2558 nocemur,
1147 2484 1302 2563 quomodo

175 2588 367 2652 diuersarum
390 2591 545 2652 sectarum
567 2589 621 2652 uel
643 2606 780 2652 errorum
805 2606 953 2668 sequaces
977 2588 1015 2651 ab
1038 2587 1254 2653 incentoribus
1273 2595 1303 2654 et

174 2695 332 2780 magistris
366 2695 432 2759 suis
465 2697 538 2759 sunt
571 2695 674 2759 sortiti
706 2694 869 2770 uocabula,
902 2694 934 2757 id
967 2697 1015 2758 est
1045 2697 1081 2758 ut
1118 2715 1135 2758 a
1171 2696 1302 2760 Platone

173 2802 326 2865 Platonici
340 2805 371 2866 et
386 2821 404 2865 a
418 2801 574 2867 Marcione
592 2801 811 2866 Marcionistae
830 2803 862 2865 et
880 2820 898 2863 a
915 2800 1096 2865 Manichaeo
1115 2801 1301 2867 Manichaei.
1318 2814 1340 2854 ²⁵

173 2909 201 2971 si
229 2909 299 2990 quis
327 2909 424 2993 igitur
453 2909 529 2972 haec
556 2909 602 2972 ita
625 2909 707 2990 sapit
730 2909 821 2972 docet
844 2907 941 2972 credit
964 2911 1018 2972 aut
1039 2907 1207 2989 praedicat,
1233 2927 1301 2973 ana-

171 3015 279 3078 thema
308 3015 358 3080 sit.
386 3033 442 3079 nos
467 3015 549 3079 euim
571 3015 640 3079 ideo
666 3013 833 3079 Christiani
856 3033 1005 3078 nocemur
1028 3017 1059 3080 et
1082 3033 1203 3091 sumus,
1228 3015 1301 3097 qnia

172 3121 276 3201 ipsum
290 3119 448 3185 dominnm
463 3123 604 3185 nostrum
619 3120 723 3184 Iesum
744 3119 902 3185 Christum
921 3119 1077 3201 baptisma
1094 3119 1299 3203 percipientes

171 3226 331 3291 induimus
354 3234 386 3291 et
407 3228 476 3308 ipso
499 3226 589 3292 nobis
612 3228 761 3292 existente
781 3226 880 3308 capite
900 3242 1005 3290 omnes
1024 3226 1054 3289 in
1075 3226 1184 3290 eodem
1202 3245 1299 3301 uuum

171 3349 284 3413 corpus
308 3331 469 3395 efficimur.
1314 3347 1336 3390 n

207 3523 223 3574 5
243 3521 353 3591 epicurii
374 3519 420 3574 0²:
439 3521 539 3590 epicuri
564 3520 594 3585 V,
614 3521 730 3590 epicurei
752 3519 784 3574 0¹
837 3519 871 3573 26
890 3522 937 3573 aut
955 3537 981 3572 o:
1001 3523 1032 3573 ut
1055 3520 1080 3573 V
