2904 4672
166 255 228 318 166
421 247 463 303 Ad
480 249 595 303 Petrum·
608 249 748 304 Fullonem
766 250 897 319 epistulae
916 250 1022 321 spuriae

107 485 110 491 ·
164 442 393 508 uenerabilibus
423 441 579 525 episcopis
608 442 675 507 eius
701 441 762 507 iuri
785 442 944 522 subiectis,
968 446 1129 527 tamquam
1154 446 1187 509 et
1207 443 1286 528 ipsis

121 546 140 610 5
163 548 291 613 minime
313 549 577 614 consentientibus
599 549 664 613 tuis
688 549 882 614 commentis.
941 549 1107 631 aliquando
1130 550 1286 632 siquidem

164 654 269 720 dixisti
298 655 470 720 trinitatem
501 658 627 736 propter
657 673 713 719 uos
746 655 922 720 crucifixam
954 659 987 720 et
1021 676 1081 722 non
1114 655 1285 731 Christum,

163 760 328 844 aliquando
347 779 421 826 uero
439 760 634 825 inmortalem
650 761 793 845 spiritum
807 761 982 826 Manichaei
995 764 1122 827 secutus
1142 780 1286 837 errorem,

164 866 328 949 aliquando
352 870 457 931 autem
479 866 555 931 haec
573 867 697 951 fugiens
713 869 889 934 nostrorum
909 886 1084 932 sermonum
1101 867 1286 952 pignoribus
1314 889 1325 929 s

163 973 338 1053 increpatus
379 971 538 1037 Christum
577 973 651 1053 post
684 971 892 1037 immortalem
927 973 1072 1054 spiritum
1109 971 1285 1054 passionem

111 1128 113 1132 Α
165 1077 354 1143 sustinuisse
394 1077 500 1143 dixisti
539 1078 623 1143 sicut
658 1077 880 1144 Samosatenus
917 1081 949 1144 et
982 1077 1150 1143 Nestorius
1189 1097 1286 1142 unum

121 1183 264 1249 dfilium
297 1183 472 1248 diuidentes
508 1183 539 1247 in
572 1178 760 1248 ¹dualitatem
798 1182 952 1261 filiorum;
993 1186 1024 1248 et
1056 1183 1129 1267 quia
1161 1183 1194 1247 in
1228 1183 1287 1248 hoc

163 1289 284 1372 putasti
311 1309 371 1355 uon
397 1289 636 1368 immorandum,
660 1289 699 1354 ad
725 1290 831 1371 peiora
856 1289 981 1369 uenisti,
1005 1292 1042 1354 ut
1068 1289 1185 1373 hymni,
1210 1308 1287 1372 quos

165 1395 325 1462 cherubim
363 1414 435 1460 cum
469 1398 603 1461 tremore
638 1395 788 1461 trinitatis
823 1395 1015 1461 incessanter
1054 1395 1213 1474 emittunt,
1251 1395 1287 1460 ad
1303 1416 1323 1456 o

163 1500 336 1566 trinitatem
362 1501 594 1586 glorificandam
621 1520 681 1567 uon
708 1501 881 1567 referantur
908 1500 962 1566 sed
986 1504 1023 1565 ut
1044 1503 1130 1566 totus
1154 1501 1287 1584 hymnus

165 1607 205 1672 ad
221 1607 321 1672 hlium
340 1607 521 1686 deducatur,
541 1607 721 1674 confirmare
738 1609 849 1674 uolens
869 1607 1055 1674 sententiam
1073 1607 1164 1673 uelut
1181 1624 1289 1671 cancer

103 1767 105 1770 ,
154 1716 350 1796 serpentem,
370 1733 464 1797 quam
486 1714 636 1779 aduersus
659 1714 818 1796 simplices
842 1714 991 1790 extulisti,
1011 1716 1043 1778 ct
1059 1713 1131 1777 hinc
1150 1711 1287 1778 omnium

166 1819 348 1885 haereseum
374 1820 496 1904 laqueis
522 1819 745 1904 praecipitatus
775 1840 808 1886 es
831 1840 850 1884 a
871 1819 1003 1885 ueritate
1027 1818 1210 1884 declinando
1233 1836 1288 1883 uec

87 1912 88 1916 ¹
165 1925 370 2006 praedicando
397 1929 523 2009 propter
547 1943 604 1990 uos
628 1925 788 1992 Christum
817 1925 997 1991 crucifixum
1020 1924 1220 2009 unigenitum
1243 1923 1323 1989 doio

46 2073 48 2077 ι
139 2028 276 2121 ¹lilium,
302 2029 357 2114 qui
382 2031 414 2095 in
437 2031 539 2098 medio
562 2032 659 2114 patris
683 2034 715 2096 et
737 2031 838 2097 sancti
862 2030 990 2113 spiritus
1013 2030 1063 2113 pie
1086 2029 1288 2112 glorificatur.
1324 2071 1327 2078 -

124 2134 142 2198 7
166 2135 241 2217 quid
268 2136 351 2201 enim
377 2137 436 2202 hoc
458 2137 518 2201 erit
540 2136 758 2214 damnabilius,
782 2156 875 2224 quam
898 2143 971 2200 cum
994 2133 1125 2200 anobis
1147 2135 1290 2216 pateret

167 2241 296 2324 spiritus
320 2245 447 2308 sanctus
469 2242 526 2308 fiat
545 2243 699 2328 inglorius
722 2246 755 2308 et
778 2241 933 2307 calumnia
955 2239 1111 2324 seraphim
1128 2239 1288 2315 inferatur,

167 2347 289 2431 quando
306 2366 367 2413 nou
385 2347 557 2414 trinitatem
576 2348 747 2433 glorificare
766 2348 930 2413 credantur·
947 2365 1019 2410 cnm
1038 2345 1161 2410 dicunt:
1185 2363 1288 2410 sano

166 2457 232 2519 tus
274 2455 437 2518 sauctus
478 2457 644 2519 sanctus
686 2453 742 2518 sed
773 2453 871 2518 solam
903 2451 960 2516 filii
991 2455 1179 2534 personam?
1212 2469 1325 2534 quaero

166 2558 325 2624 infernalis
361 2558 499 2624 haeresis
533 2559 579 2623 ita
611 2559 778 2624 crudeliter
809 2561 846 2622 ut
875 2576 933 2623 uos
964 2557 1176 2622 inuerecunda
1206 2556 1288 2620 fuit?

124 2663 277 2729 8uemm
306 2666 410 2730 tamen
442 2664 543 2730 adhuc
574 2665 606 2729 in
638 2665 698 2730 ista
730 2664 938 2730 discurrentes
969 2658 1091 2729 nouiter
1117 2679 1220 2745 usque
1253 2660 1289 2726 ad

167 2770 368 2836 fundamenta
391 2771 658 2855 blasphemiorum
685 2771 735 2836 dei
766 2770 944 2855 pertingitis
975 2770 1076 2835 filium
1105 2772 1229 2852 patrem
1260 2771 1290 2833 et

168 2874 313 2958 spiritum
328 2877 472 2941 sanctum
490 2876 638 2955 dicentes,
654 2875 826 2942 Sabellium
845 2875 1008 2940 sectamini
1025 2877 1058 2941 ct
1075 2872 1289 2939 confusionem

167 2975 316 3046 inducitis
343 2983 376 3046 ct
400 2981 550 3047 trinitatis
578 2981 803 3048 confessionem
830 2981 946 3065 pariter
972 2979 1145 3063 abnegatis,
1173 2979 1328 3063 inques

125 3087 318 3170 bbaptinati
347 3106 457 3153 sumus
490 3091 521 3152 et
552 3087 706 3153 credimus
739 3091 771 3151 et
800 3087 944 3152 fatemur.
1011 3086 1082 3168 quis
1119 3104 1193 3170 ergo
1229 3103 1290 3150 non

257 3226 290 3281 19
307 3225 380 3282 Esai.
399 3226 424 3290 6,
443 3227 459 3281 3

206 3340 359 3397 leiusdem
376 3341 407 3395 B·
479 3340 544 3394 iuris
567 3340 626 3405 VB,
645 3357 712 3396 corr.
732 3338 759 3392 ο2
834 3338 1017 3409 subgectisV
1068 3338 1247 3393 lminimsae
1263 3336 1290 3392 Β

170 3430 327 3483 commentis
344 3430 387 3484 Β.·
409 3429 552 3484 commenti
574 3428 622 3483 sed
644 3427 671 3482 V
755 3429 773 3482 4
795 3426 929 3482 manichei
951 3428 1058 3481 secutus
1083 3427 1119 3481 V:
1143 3424 1290 3480 manicheis

171 3518 266 3571 cantus
283 3517 311 3570 Β
390 3520 405 3571 1
423 3521 607 3573 samosatenus
625 3517 666 3571 B:
683 3517 779 3588 paulus
797 3519 980 3570 samosatenus
1003 3514 1029 3570 V
1106 3514 1123 3568 8
1142 3513 1248 3568 dualita
1268 3512 1294 3568 V

171 3604 234 3674 quia
250 3605 278 3659 in
296 3605 336 3661 B:
354 3606 474 3677 quamV
526 3606 634 3675 dymni
651 3623 717 3676 quos
736 3605 773 3659 V:
789 3602 989 3675 tymnidicosB
1043 3602 1076 3656 10
1094 3601 1223 3657 cherubin
1241 3600 1291 3656 VB

172 3692 301 3747 emittunc
322 3693 349 3747 V
401 3695 431 3748 ll
450 3710 547 3763 ymnus
569 3693 620 3747 VB
673 3694 706 3747 12
724 3692 888 3747 deducantur
908 3691 934 3745 V
1001 3688 1135 3744 ucllutV
1196 3691 1230 3746 13
1248 3706 1290 3745 ex·

171 3781 315 3835 ntulistiV
350 3783 383 3836 15
402 3779 831 3852 christumpropternostrsp.B
867 3779 899 3833 16
917 3779 961 3849 pie
974 3779 1014 3832 B:
1027 3777 1099 3848 in
1134 3778 1167 3832 17
1182 3777 1290 3834 damna

172 3868 252 3924 uilius
270 3887 349 3940 quam
367 3870 445 3924 uobis
463 3870 490 3923 Β
544 3871 576 3925 18
594 3870 718 3940 seraphin
736 3869 763 3922 B
817 3869 849 3922 lc
869 3867 974 3936 quando
991 3867 1032 3920 B:
1050 3882 1130 3936 quam
1144 3866 1251 3936 quaudo
1269 3866 1295 3921 V

171 3958 206 4014 20
225 3959 320 4013 solaB
353 3959 404 4013 filii
417 3975 468 4014 om.
485 3960 512 4013 V
543 3960 575 4014 21
591 3958 794 4013 inuerecndaV
826 3957 861 4011 22
879 3956 1043 4011 discurentes
1058 3954 1086 4008 V
1118 3955 1152 4010 23
1165 3955 1290 4027 blasphe-

172 4046 283 4101 mierum
298 4066 312 4119 p
348 4048 383 4102 24
400 4052 522 4103 sanctum
541 4049 663 4119 spiritum
682 4055 746 4116 trsp.
761 4047 788 4100 Β
823 4047 857 4101 25
875 4044 1003 4100 inducitis
1016 4046 1043 4097 et
1055 4044 1189 4098 trinitatis
1203 4043 1291 4100 conic-

173 4136 274 4190 sionem
287 4137 319 4192 ia
328 4141 402 4191 tectu
411 4137 512 4192 ombus
520 4139 551 4191 in
559 4153 642 4206 marc.
654 4135 718 4190 add.
733 4136 836 4189 Vmon.
847 4138 862 4187 1
929 4131 1084 4187 robatiani
1098 4132 1122 4185 V
