2904 4672
496 270 581 340 Epist.
600 269 732 323 LXXXVI
750 270 765 322 6
785 267 997 337 -32LXXXVIII
1017 270 1048 325 l,
1256 272 1326 356 2333

201 465 275 548 quia
303 463 505 547 pontificatus
537 463 615 527 mihi
647 462 796 527 diuinitas
827 463 960 527 indulsit
991 462 1140 528 officium.
1174 462 1258 545 quod
1290 460 1370 526 det

201 570 378 655 sinceritate
391 572 448 633 tua
461 588 520 634 non
535 588 645 634 sumus
664 569 825 645 admirati;
846 569 891 634 sio
910 569 992 633 enim
1010 571 1042 633 te
1061 568 1152 633 uobis
1172 567 1329 650 conloquii

201 676 313 742 directi·
337 675 550 758 praeseutauit
576 674 720 752 adiectio,
748 677 785 739 ut
811 693 883 740 cum
911 673 1087 739 dilectionis
1109 676 1184 738 tuae
1206 674 1327 739 litteras

199 783 380 866 relegerem,
394 783 440 847 vte
467 781 615 845 uiderem.
644 783 834 864 quapropter
858 780 928 862 ipsa
954 783 995 855 te,
1025 799 1087 864 qua
1113 779 1190 858 uidi,
1222 783 1327 844 mente

169 889 413 970 scomploctens
441 887 567 969 postulo
590 885 836 952 misericordiam
860 886 1046 962 diuinitatis,
1070 887 1107 951 ut
1129 886 1214 950 etin
1236 885 1327 950 uobis

201 993 315 1077 quietis
337 997 479 1078 reparata
502 992 601 1077 gratia
618 992 786 1057 fructificet
804 994 837 1055 et
854 990 931 1057 deus
951 992 1160 1073 omnipotens,
1179 990 1233 1072 qui
1250 991 1329 1056 mihi

200 1099 367 1165 sacerdotii
379 1098 466 1163 dedit
478 1098 808 1175 donum,<con)codat
821 1100 852 1162 et
864 1097 1022 1164 meritum.
1063 1099 1222 1180 praetcrea
1230 1096 1270 1161 ad
1281 1116 1327 1175 ea,
1351 1092 1371 1156 3

201 1224 281 1288 quae
311 1203 409 1270 Gaius
437 1205 530 1285 atque
557 1204 671 1268 Petrus
697 1203 807 1268 fratros
835 1205 867 1267 et
893 1203 1072 1295 coepiscopi
1098 1202 1276 1291 nostrised
1299 1205 1331 1268 et

196 1311 364 1393 ¹Liberatus
392 1309 542 1374 diaconus
569 1308 653 1373 iilius
681 1312 797 1383 noster,
825 1313 860 1373 ut
887 1292 1049 1390 apud-nos
1073 1311 1201 1395 agerent
1221 1309 1328 1386 uerbo,

156 1439 183 1482 ro
201 1437 220 1482 a
241 1416 432 1482 fraternitate
454 1418 510 1480 tua
532 1414 594 1480 sibi
615 1414 754 1495 iniuncta
777 1413 928 1492 dixerunt,
951 1432 1125 1498 congruum
1146 1414 1329 1496 putarimus

199 1522 296 1587 uerbo
325 1521 397 1585 dare
423 1538 619 1603 responsum,
648 1520 732 1603 quod
758 1531 814 1602 per
840 1521 963 1605 legatos
990 1523 1123 1597 nostros,
1152 1520 1180 1586 si
1203 1519 1328 1585 domino

200 1626 364 1711 placuerit,
399 1625 527 1690 reddero
562 1644 623 1691 non
660 1644 826 1691 moramur.
862 1627 1011 1691 uniuersa
1044 1629 1212 1709 praeterea,
1250 1631 1373 1709 quaed

191 1730 397 1796 ,inimicorum
423 1731 625 1813 pemersitas'
640 1730 808 1809 inuaserat,
836 1714 961 1808 caritati
986 1735 1060 1796 tuae
1090 1731 1330 1816 metropolitana

200 1837 270 1901 iura
289 1839 467 1920 reparantes
489 1836 658 1913 hortamur,
681 1839 718 1901 ut
740 1856 785 1916 ea,
810 1855 889 1918 quae
911 1839 967 1901 tuo
985 1839 1039 1902 uel
1056 1838 1189 1906 aliorum
1206 1838 1328 1902 nomine

157 1965 183 2007 rr
199 1941 427 2025 rescripsimus,
441 1941 597 2006 uniuersis
615 1941 729 2007 debeas
743 1943 947 2020 innotescere,
964 1943 1196 2027 metropolitani
1215 1943 1329 2027 quippe

200 2047 387 2129 auctoritate
410 2046 571 2124 suffultus,
594 2048 727 2130 nequis
751 2067 785 2113 se
803 2047 1022 2113 excusabiliter
1040 2059 1159 2114 asserat
1176 2050 1327 2134 ignorare,

201 2152 285 2236 quod
311 2151 397 2216 sedis
429 2152 620 2236 apostolicae
648 2153 863 2237 principalitas
895 2172 1050 2219 canonum
1081 2155 1328 2220 consideratione

200 2258 392 2342 perscripsit.
481 2257 552 2345 Dat.
583 2257 619 2324 V.
641 2259 688 2326 Id.
713 2258 887 2343 septembr.
919 2262 993 2343 post
1024 2262 1222 2325 consulatum
1248 2260 1327 2327 Pau-

202 2363 260 2428 lini
281 2383 314 2427 ιι.
338 2383 364 2428 c.

533 2589 535 2594 -
716 2554 806 2658 ooo
908 2527 909 2530 ’

205 2694 206 2697 ’
243 2695 397 2755 acuemus
414 2683 580 2748 uersooeus
598 2697 778 2744 msnuurauo
792 2697 942 2745 aucusro.
1000 2679 1088 2744 Licet
1106 2679 1144 2756 de
1162 2681 1327 2746 sacerdotii

199 2783 261 2847 moi
282 2782 433 2864 primitiis
460 2777 587 2864 pietatis
610 2783 735 2848 diuinae
758 2784 940 2849 muneribus
964 2768 1201 2850 ad'“'reier'e·⁴ndas
1224 2805 1327 2851 essem

184 2921 186 2925 ·
198 2887 316 2980 gratias
347 2886 565 2971 multipliciter
596 2888 765 2972 obligatus,
797 2889 955 2972 susceptis
986 2886 1102 2968 tamen,
1138 2891 1326 2956 uenerabilis

199 2993 375 3076 imperator,
410 3013 466 3075 per
500 2993 680 3059 Heraclium
720 2995 932 3060 uenerabilem
970 2996 1187 3080 presbyterum
1224 2996 1326 3062 filium

154 3101 340 3167 mnostrum
366 3101 501 3164 ¹uestrae
537 3100 712 3164 serenitatis
749 3101 906 3177 affatibus,
940 3120 1021 3183 quos
1057 3103 1174 3167 aeterni
1203 3102 1324 3168 imctus

198 3203 352 3269 ubertate
370 3202 571 3287 plenissimos
604 3204 795 3279 destinastis,
827 3209 974 3272 uotorum
1006 3216 1146 3290 meorum
1184 3210 1258 3272 sunt
1292 3208 1325 3273 in

197 3309 322 3376 domino
354 3309 468 3394 gaudia
502 3311 669 3395 geminate,
708 3311 792 3393 quod
827 3311 970 3376 adunatis
1006 3306 1166 3378 felicitatis
1201 3316 1324 3378 uestrae

233 3498 250 3551 2
269 3497 393 3567 conloqui
415 3498 447 3562 V,
465 3514 537 3552 cour.¹
552 3496 592 3552 0²:
612 3499 724 3568 alloquii
746 3499 809 3553 Car.
872 3501 905 3576 47
924 3499 1070 3554 sacerdotis
1093 3500 1124 3564 V,
1143 3517 1211 3556 corr.
1233 3501 1323 3560 Coros

198 3585 327 3640 concedat
344 3583 384 3638 0²:
404 3585 483 3640 cedat
505 3585 531 3639 V
609 3587 642 3641 10
660 3587 762 3641 iuiucte
779 3589 824 3646 uel
839 3587 944 3642 inuicta
966 3587 999 3653 V,
1018 3603 1085 3643 corr.
1105 3587 1133 3641 0²
1221 3589 1322 3645 direxe-

197 3702 261 3755 runt
281 3698 313 3764 V,
331 3714 400 3754 corr,
418 3698 446 3771 p²
511 3702 545 3755 12
563 3701 724 3756 morabimur
740 3702 823 3756 BTA
883 3703 916 3756 14
933 3669 1085 3775 repetentes
1107 3703 1135 3756 V
1185 3705 1218 3760 16
1236 3721 1265 3759 so
1283 3706 1320 3759 0²:

197 3791 226 3842 te
249 3786 275 3840 V
335 3787 370 3842 18
390 3805 538 3844 oousruurr
559 3807 667 3848 earum
683 3778 733 3844 ιἰιῖ
748 3790 785 3856 V,·
803 3789 836 3845 dc
854 3789 898 3844 die
916 3791 951 3855 cf.
962 3807 1041 3860 vprosse
1056 3791 1208 3847 subnotasti
1224 3809 1265 3862 ep.
1283 3796 1324 3851 86

232 3875 280 3930 88.
356 3876 424 3931 Dat.
442 3877 487 3930 die
504 3879 540 3932 15
561 3876 667 3936 Octobr.
688 3879 754 3932 535.
830 3865 1321 3946 aad.0or.1eoeo;aar.ado.

200 3965 265 4026 535,
287 3965 339 4028 aa·
358 3962 466 4019 carrea
485 3963 701 4033 omma-arr
718 3966 813 4026 1513.
872 3967 906 4020 ar
925 3954 995 4021 uua]
1016 3966 1044 4024 V
1110 3966 1144 4021 aa
1162 3967 1321 4022 uenenoru-

197 4050 247 4105 bus
269 4051 301 4117 V,
319 4067 387 4106 corr.
405 4050 433 4102 o²
520 4053 555 4108 25
573 4054 660 4109 aterni
678 4053 710 4118 V,
729 4069 826 4111 corno
914 4053 949 4108 26
967 4054 1134 4125 plenissimas
1156 4054 1189 4119 V,
1208 4070 1276 4111 coer.
1294 4058 1322 4108 0²

197 4132 340 4193 destinatis
362 4139 394 4203 V,
412 4155 482 4195 coes.
503 4139 567 4196 Cur.
1052 4208 1054 4214 ᾗ
1184 4160 1185 4164 ’
