2904 4672
139 227 182 292 44
290 223 440 277 Marcellini
459 226 486 277 et
504 223 628 277 Faustini
646 223 678 277 de
698 223 862 279 confessione
880 239 959 279 uerae
977 225 1041 280 fidei
1058 229 1109 282 etc.

51 421 114 486 122
138 419 280 486 Christus
302 419 402 482 infans
424 418 525 484 iacere
549 418 695 502 dignatus
719 422 778 483 est.
841 419 910 495 hoc,
930 420 1015 502 quod
1035 422 1183 502 petimus,
1203 442 1264 488 non

135 525 206 590 ideo
236 525 384 608 petimus,
417 524 508 607 quasi
540 543 781 607 expauescamus
813 545 869 608 pro
895 544 969 591 uero
1001 526 1153 592 interfici:
1185 527 1264 595 deus

135 631 226 694 testis
245 632 303 706 est,
319 630 372 712 qui
391 648 484 721 uerus
504 630 680 713 speculator
699 633 748 694 est
765 631 877 705 cordis,
898 632 971 714 quia
988 650 1043 713 per
1061 631 1112 696 dei
1130 634 1265 717 gratiam

135 736 225 802 nohis
247 741 285 800 ut
307 755 466 802 summum
488 736 682 820 refrigerium
705 739 755 800 eet
777 739 810 800 ct
832 741 916 801 certa
934 756 1005 821 spes
1024 739 1148 804 futurae
1167 740 1265 804 beati-

134 842 263 918 tudinis,
287 843 314 906 si
336 861 391 924 pro
415 842 474 906 hac
491 840 576 906 lideh
595 841 768 906 adsertione
787 843 974 927 iugulemur.
998 862 1059 909 nou
1077 862 1151 928 ergo
1171 845 1265 927 quasi
1296 862 1309 902 e

136 949 191 1031 qui
225 949 392 1013 timeamus
428 947 558 1032 perpeti,
596 948 665 1014 ideo
702 967 812 1012 sumus
843 948 905 1013 ista
936 949 1104 1032 prosecuti,
1137 950 1192 1015 sed
1225 970 1265 1015 ne

136 1055 267 1121 aliorum
288 1055 502 1137 impietatibus
527 1057 561 1124 et,
580 1038 817 1119 crudelitatibus
837 1055 964 1139 sanguis
983 1056 1102 1121 effusus
1121 1055 1265 1121 fidelium

136 1161 383 1247 Christianorum
419 1160 473 1225 diu
508 1159 687 1244 piissimum
722 1162 845 1224 uestrae
880 1160 1119 1243 principalitatis
1152 1165 1266 1246 grauet

49 1261 112 1325 123
134 1267 310 1350 imperium.
342 1266 475 1331 maxime
506 1267 565 1331 sub
596 1269 639 1342 te,
666 1265 902 1350 religiosissime
928 1266 1072 1350 Anguste
1095 1267 1265 1347 Theodosi,

136 1373 190 1456 qui
211 1373 290 1438 mira
312 1371 476 1438 deuotione
499 1375 607 1438 contra
630 1390 735 1437 omnes
754 1372 927 1437 haereticos
946 1372 1265 1460 Christianeereligi-
1284 1395 1312 1436 ro

105 1488 108 1493 ’
135 1479 202 1545 onis
225 1479 278 1562 pia
300 1478 493 1544 confessione
516 1478 685 1562 conspires,
707 1496 857 1561 magnum
874 1477 964 1541 nohis
983 1477 1066 1561 apud
1084 1477 1177 1545 deum
1195 1481 1265 1546 fore

135 1583 325 1667 supplicium
348 1582 546 1661 credidimus,
566 1581 594 1646 si
617 1583 700 1666 apud
722 1585 754 1647 te
775 1586 841 1647 tam
858 1581 1051 1666 religiosum,
1070 1585 1136 1648 tam
1157 1585 1265 1666 piissi-

134 1711 221 1756 mum
242 1688 460 1772 imperatorem
479 1691 511 1752 et
530 1688 653 1754 Christo
677 1688 734 1754 deo
758 1688 863 1754 diuino
888 1707 923 1753 ac
946 1688 1127 1771 plenissimo
1150 1689 1264 1756 timore

134 1798 358 1872 consecratum,
391 1813 484 1876 quem
515 1812 587 1858 uere
621 1794 660 1858 ad
690 1793 855 1877 imperium
882 1793 959 1858 dens
984 1793 1126 1860 Christus
1155 1796 1263 1881 elegit,

134 1920 213 1984 quae
235 1903 310 1965 sunt
332 1918 423 1964 uerae
445 1898 519 1963 fidei
542 1918 577 1963 ac
595 1917 687 1964 uerae
705 1898 865 1975 ecclesiae,
884 1902 1068 1965 taceremus.
1092 1901 1263 1982 posthaec
1282 1921 1310 1963 1⁵

133 2025 193 2072 non
214 2005 415 2090 ambigimus,
440 2024 500 2088 quo
529 2005 685 2070 sollicitus
714 2023 788 2089 agas
817 2024 879 2086 qua
900 2008 989 2088 peter
1010 2006 1142 2088 imperi-i,
1166 2026 1205 2071 ne
1228 2007 1262 2080 in

134 2113 207 2178 orbe
233 2112 373 2177 Romano
400 2110 557 2194 professae
584 2111 658 2175 fidei
684 2110 974 2192 communionisque
998 2111 1159 2177 sinceritas
1184 2113 1262 2177 affli-

134 2221 235 2302 gatur.
268 2217 417 2300 quicquid
447 2215 480 2282 in
511 2235 608 2282 causa
639 2235 744 2281 sacrae
775 2215 848 2281 fidei
871 2235 906 2281 ac
927 2216 1085 2298 professae
1117 2217 1260 2283 ueritatis

133 2323 272 2388 sanctius
305 2320 475 2407 gesseritis,
505 2325 594 2387 tanto
627 2322 793 2407 gloriosius
825 2325 857 2386 et
883 2321 934 2386 hic
963 2322 1046 2387 etin
1073 2327 1259 2405 perpetuum

48 2424 110 2488 124
135 2429 250 2496 Christi
272 2430 379 2493 fauore
402 2428 581 2512 regnabitis.
650 2447 707 2512 ego
734 2427 937 2493 Marcellinus
965 2429 1127 2512 presbyter
1148 2433 1259 2512 optans
1276 2453 1306 2494 ao

132 2535 314 2601 fehcissimo
337 2533 465 2616 imperio
488 2536 594 2599 uestro
614 2553 755 2598 securam
774 2534 912 2616 quietem
931 2537 963 2599 et
979 2535 1010 2597 in
1029 2554 1123 2619 regno
1143 2534 1259 2601 Christi

134 2631 166 2706 et
201 2640 250 2704 dei
285 2643 466 2723 perpetuam
506 2639 741 2715 beatitudinem,
778 2639 913 2722 piissimi
951 2640 1163 2723 imperatores.
1198 2659 1258 2726 ego

132 2745 314 2822 Faustinus
333 2744 386 2827 qui
405 2764 465 2810 uon
483 2764 614 2828 possum
633 2745 746 2828 dignus
764 2745 871 2810 uocari
888 2746 1049 2828 presbyter
1067 2745 1126 2822 dei,
1147 2751 1258 2830 optans

133 2855 170 2919 ut
201 2854 233 2916 et
263 2851 315 2916 hic
345 2851 463 2916 multos
500 2869 595 2915 annos
627 2850 895 2915 clementissimae
932 2851 1106 2917 diuinitatis
1143 2852 1257 2918 auxilio

131 2958 264 3023 feliciter
280 2956 439 3040 imperetis
459 2959 492 3021 'et
508 2956 539 3020 in
558 2957 664 3021 futuro
685 2955 801 3021 Christi
818 2956 875 3020 fflii
895 2956 945 3021 dei
961 2975 1056 3041 regno
1075 2959 1257 3040 perpetuam
1274 2983 1301 3025 rs

132 3082 204 3128 cum
227 3063 343 3128 sanctis
365 3061 592 3127 beatitudinem
615 3061 859 3144 consequamini,
883 3061 1102 3146 gloriosissimi
1127 3063 1257 3146 impera·

132 3174 226 3235 tores.

165 3307 273 3377 2quasi
287 3308 326 3362 V.-
343 3305 409 3361 utu
444 3307 512 3361 4ut
525 3305 588 3359 Vll:
604 3309 632 3360 ct
645 3306 725 3362 sirm.
779 3306 870 3360 futura
888 3311 916 3360 ct
931 3305 987 3359 Vua
1035 3306 1259 3362 heatitudinesV

131 3397 188 3450 5si
205 3413 256 3452 om.
275 3415 293 3449 nr
337 3397 476 3466 bpcrpeti
493 3412 544 3450 om.
562 3394 588 3444 Φ
642 3395 689 3455 aed
706 3411 741 3449 ne
759 3411 811 3450 om.
829 3413 846 3446 κ
890 3395 1115 3465 leliquorumd)
1169 3395 1254 3450 effun-

131 3486 209 3538 datur
227 3483 252 3534 Φ
306 3482 388 3538 Νὴ]
407 3484 444 3538 Vr
461 3500 495 3538 ne
514 3483 559 3538 diu
578 3501 620 3547 na,
638 3483 736 3537 nedum
754 3483 783 3537 Y
833 3486 894 3538 9tc
909 3499 959 3539 om.
974 3482 999 3533 Φ
1059 3484 1256 3553 religiosissimi

131 3573 240 3642 augusti
258 3571 283 3622 Φ
374 3572 406 3626 10
429 3589 520 3626 omues
546 3571 579 3626 V:
602 3588 647 3626 eos
666 3571 692 3622 Φ
782 3573 812 3626 ll
837 3573 990 3642 conspirans
1010 3571 1035 3621 Φ
1116 3573 1151 3626 14
1169 3571 1254 3626 derb

131 3661 164 3714 15
181 3664 329 3715 taceremus
347 3663 409 3731 post
428 3661 464 3716 V:
482 3661 624 3716 acerrimus
642 3659 763 3730 pontifex
776 3658 801 3709 Φ
839 3661 872 3715 16
890 3661 1057 3731 ambigemus
1076 3659 1101 3710 Φ
1156 3659 1255 3714 sollici·

127 3749 183 3802 tius
199 3747 303 3803 Hartel
354 3749 383 3802 in
401 3764 451 3805 om.
471 3747 496 3798 Φ
540 3748 573 3802 17
593 3742 840 3819 communionisquo
855 3747 881 3798 Φ
919 3749 951 3804 18
969 3749 997 3802 in
1016 3765 1066 3804 om.
1080 3747 1105 3798 Φ
1143 3748 1175 3803 19
1195 3763 1253 3802 san·

130 3836 198 3889 etius
216 3835 253 3889 V:
270 3840 378 3917 sanctae
397 3835 423 3886 Φ
472 3837 507 3892 20
524 3835 673 3906 regnabitis
693 3838 858 3907 (regnaretis
871 3838 900 3904 π)
914 3837 1102 3891 Marcellianus
1117 3834 1255 3906 presbyter

129 3924 216 3978 obtuli
233 3943 267 3976 cr
283 3924 396 3995 reliquis
412 3917 532 3990 omissis}
554 3921 704 3994 regnabitis
721 3925 892 3980 Marcellinus
915 3923 1056 3994 presbyter
1079 3923 1181 3978 obtulit
1198 3922 1253 3992 epi·

129 4013 199 4068 stola
222 4013 331 4083 explicit
351 4006 468 4068 feliciter
491 4031 516 4083 χ,
531 4012 693 4083 ¹regnabitis
712 4013 883 4068 Marcellinus
911 4013 1051 4090 presbyter
1075 4010 1176 4066 obtulit
1199 4011 1253 4080 epi·

129 4101 226 4156 stolam
246 4120 262 4171 φ
280 4102 392 4170 reliquis
409 4102 513 4156 coriceis
566 4103 600 4157 23
620 4100 663 4156 dei
685 4120 711 4173 p:
733 4102 794 4156 dedi
818 4100 842 4154 V
