2904 4672
220 257 286 320 424
340 287 343 292 -
420 251 523 307 Gelasii
540 251 562 305 1.
582 251 655 306 diota
673 250 801 306 aduersus
818 251 994 321 Pelagianam
1011 250 1142 306 haeresim

220 444 322 528 galam
351 445 383 505 et
369 441 460 505 tdei
489 461 543 524 gra
544 441 621 504 tiam
650 440 710 504 sibi
732 460 788 522 per
811 441 902 506 affect
889 445 957 505 tum
981 443 1119 526 coniugii
1142 443 1354 510 ministratam

220 569 280 615 uon
303 549 335 613 in
359 568 495 613 uacuum
518 548 688 630 recipiate
672 548 851 626 ‹sttrefute
875 549 911 613 fit
897 553 1003 613 tsanc
1004 549 1133 614 titicatio
1152 569 1208 632 per
1226 552 1352 616 fidelem

221 656 386 740 coniugem
414 654 556 739 coniugis
585 653 729 729 infidelis,
759 653 833 719 dum
861 655 946 719 hisce
973 655 1076 720 modis
1105 676 1140 720 ex
1166 657 1301 723 infidelit
1287 663 1354 723 tate

220 763 250 826 in
281 762 473 829 consortium
501 760 757 826 sanctificationis
786 760 976 836 adtrahitur;
1001 763 1137 844 alioquin
1162 764 1187 828 si
1213 765 1352 830 oblatam

220 870 280 934 sibi
305 869 437 952 gratiam
460 887 517 932 uec
535 886 590 950 per
608 867 754 932 affectum
773 867 907 948 suscipit
925 867 1121 952 coniugalem
1142 871 1353 952 <recipiens>
1384 893 1395 932 s

221 996 281 1059 que
305 978 335 1039 in
358 995 495 1040 uacuum
518 977 583 1038 tam
607 973 732 1038 diuinae
755 973 944 1057 dignationis
968 957 1061 1056 quam
1086 976 1178 1040 etiam
1197 978 1353 1042 humanae

222 1082 390 1166 singularis
424 1080 597 1146 affectionis
631 1080 748 1144 oblitus
781 1080 929 1145 aestimat
960 1081 1154 1146 abnuendam
1185 1086 1280 1164 atque
1314 1085 1353 1149 ob

220 1189 280 1253 hoc
303 1189 404 1270 ipsam
428 1206 551 1270 quoque
575 1186 718 1270 coniugis
742 1187 936 1252 affectionem
960 1185 1073 1251 nititur
1094 1188 1234 1253 abiurare
1258 1192 1291 1254 et
1314 1190 1352 1253 ab

220 1295 321 1378 ipsius
352 1294 398 1376 pii
430 1293 579 1358 consortii
610 1293 679 1376 lege
713 1291 882 1369 discedere,
911 1291 1003 1377 digne
1023 1293 1224 1375 ,permittitur
1250 1294 1352 1358 eidem

219 1401 349 1466 licentia
370 1399 561 1476 discedendi,
586 1400 740 1480 quianon
765 1400 814 1463 est
835 1399 890 1465 illo
914 1399 1060 1483 coniugio
1084 1399 1208 1484 dignus,
1233 1420 1295 1482 quo
1319 1420 1352 1465 se
1370 1425 1395 1466 ro

220 1509 287 1591 ipse
314 1507 468 1572 iudicauit
493 1506 666 1591 iudignum,
694 1505 910 1587 patienterque
933 1507 1013 1570 ferat
1034 1504 1138 1570 fidelis
1162 1507 1275 1576 coniux
1297 1507 1352 1571 illo

222 1634 255 1680 se
284 1616 421 1679 caruisse
446 1613 602 1697 coniugio,
626 1613 709 1695 quod
732 1613 944 1677 fornicatura
968 1613 1036 1689 deo,
1061 1613 1111 1677 oui
1134 1612 1216 1676 idem
1241 1615 1354 1678 coniux

220 1721 322 1785 fidelis
345 1720 531 1785 inhaerendo
555 1719 757 1802 principalem
783 1719 832 1783 dei
855 1719 969 1783 retinet
991 1719 1170 1784 castitatem
1192 1719 1299 1800 itaque
1323 1723 1356 1782 et

221 1826 362 1892 adultero
386 1827 471 1889 caret
494 1829 526 1889 et
549 1843 595 1902 eo,
620 1825 673 1907 qui
695 1823 817 1906 respuit
840 1843 902 1888 una
923 1824 1077 1888 ueraciter
1099 1823 1166 1888 fieri
1189 1843 1353 1889 carosum

221 1933 353 2016 coniuge
376 1932 440 1995 iam
462 1930 557 2008 fideli,
576 1950 633 1995 uec
652 1931 800 1996 aestimet
817 1931 916 1996 fuisse
935 1931 1122 2015 legitimum,
1143 1930 1227 2013 quod
1246 1929 1354 1993 diuina
1371 1954 1395 1994 rs

221 2038 282 2104 sibi
305 2037 480 2121 despexerit
501 2037 572 2121 lege
595 2036 753 2121 coniungi,
778 2055 814 2101 ac
836 2037 942 2119 potius
966 2037 1099 2101 libenter
1117 2037 1251 2120 accipiat
1270 2056 1352 2113 eum,

221 2145 275 2229 qui
303 2145 407 2209 anima
434 2147 595 2227 separatus
624 2163 642 2208 a
669 2142 804 2208 deot
756 2146 814 2220 est,
843 2163 861 2207 a
888 2163 921 2207 se
951 2162 1074 2225 quoque
1101 2162 1229 2226 corpore
1252 2144 1353 2208 fuisse

168 2244 370 2316 58dru1sum
417 2249 590 2314 secundum
612 2249 722 2313 hunc
713 2249 774 2333 ugit
775 2268 812 2314 ur
759 2249 1006 2314 ttmodum
975 2252 1006 2313 et
1007 2249 1069 2312 iam
1089 2248 1126 2313 de
1144 2249 1257 2313 talium
1278 2249 1352 2314 filiis

220 2357 433 2440 accipiendum
467 2359 524 2433 est,
558 2355 640 2437 quod
671 2354 738 2420 illic
770 2359 961 2437 consequent
962 2375 995 2419 er
947 2355 1189 2433 tadseritur,
1222 2355 1278 2420 ubi
1310 2356 1353 2420 ait

220 2467 312 2547 apost
298 2464 394 2539 t‚olus
410 2462 503 2544 quod,
518 2462 578 2526 uisi
571 2461 668 2526 haec
684 2465 772 2527 sanct
759 2462 867 2526 tifioat
844 2465 889 2527 tro
903 2463 933 2526 in
936 2464 984 2526 ter
936 2460 1183 2527 thuiusmodi
1202 2463 1351 2548 coniuges
1368 2487 1392 2527 ro

220 2570 408 2652 proueniret,
449 2569 507 2632 filii
550 2588 656 2633 eorum
697 2569 867 2633 inmundi
908 2573 1050 2645 essent,
1091 2587 1185 2633 nuno
1227 2571 1352 2633 autem

222 2677 345 2742 sancti
374 2678 469 2740 suut.
499 2675 600 2740 sancti
628 2679 703 2739 sunt
730 2675 812 2740 enim
840 2675 1013 2739 secundum
1042 2674 1193 2757 quendam
1222 2675 1351 2740 modum

220 2785 251 2848 iu
266 2782 496 2864 comparatione
513 2782 650 2861 illorum,
667 2781 770 2864 quiex
788 2782 929 2863 utrisque
948 2781 1128 2863 parentibus
1146 2780 1353 2845 inmunditiae

221 2890 392 2954 diabolicae
415 2888 599 2971 mancipatis
624 2887 906 2969 contaminatisque
929 2892 1109 2952 nascuntur.
1132 2887 1188 2951 isti
1211 2886 1295 2951 euim
1318 2906 1351 2951 en

221 3014 257 3059 ea
283 2998 381 3077 parte,
410 3013 472 3076 qua
500 2993 537 3058 de
567 2997 673 3060 sancta
701 3012 792 3057 carne
819 2992 921 3057 fidelis
944 2992 1083 3074 parentis
1108 2995 1139 3057 et
1160 2994 1279 3076 templo
1304 2993 1350 3058 dei
1366 3013 1407 3074 se*

222 3104 253 3165 et
276 3100 367 3166 deum
391 3121 488 3166 unum
511 3101 542 3165 in
567 3120 624 3166 suo
648 3101 740 3166 corde
764 3101 916 3181 gestantis
942 3100 1039 3165 exorti
1062 3103 1145 3177 sunt,
1164 3098 1351 3172 (non>nihil

222 3206 344 3271 diuinae
376 3207 603 3274 benedictionis
635 3208 823 3273 hauserunt:
851 3208 882 3272 iu
912 3226 972 3290 qua
999 3207 1108 3288 utique
1135 3206 1350 3271 benedictione

222 3314 380 3378 sanctitas
402 3314 588 3393 continetur,
617 3314 707 3378 cuius
744 3313 923 3398 dignatione
959 3313 1117 3395 perstricti
1153 3312 1255 3378 sancti
1291 3331 1349 3377 uon

310 3540 342 3591 21
364 3538 422 3594 Cor.
441 3539 456 3592 I
475 3540 498 3603 7,
520 3540 552 3593 14

259 3715 271 3767 l
289 3714 419 3783 coniugiis
433 3713 464 3776 V,
480 3730 546 3767 corr.
567 3713 644 3768 Can:
658 3714 778 3784 coniugis
793 3714 819 3784 9²
854 3714 870 3766 2
886 3713 915 3766 fir
930 3713 970 3768 od:
990 3713 1026 3766 sit
1043 3712 1068 3766 V
1101 3713 1352 3784 5·1,reoipiens>que

221 3801 326 3870 scripsi,
345 3803 380 3869 cf.
394 3819 424 3870 p.
442 3805 504 3864 401,
523 3806 563 3857 20
580 3809 647 3871 etp.
666 3805 731 3865 424,
750 3806 781 3856 2:
801 3820 852 3872 que
869 3803 899 3866 V,
913 3806 1057 3870 <eam>que
1072 3799 1106 3871 p²,
1118 3804 1235 3870 <at->que
1251 3801 1348 3864 Cobet..

223 3905 302 3958 quam
316 3890 394 3944 Tbiel
442 3891 640 3959 9promittitur
651 3891 681 3956 V,
692 3907 789 3945 corno
841 3893 872 3945 16
887 3891 993 3960 coniugi
1011 3892 1041 3957 V,
1056 3893 1173 3946 corraei:
1192 3892 1347 3960 coniugiis,

222 3977 295 4032 uode
313 3978 561 4048 diuini..couiugii
584 3979 662 4033 Tbiel
730 3980 761 4032 17
782 3984 823 4032 est
838 3983 925 4040 <et>a
944 3979 1006 4034 Gor.
1071 3979 1103 4030 19
1122 3977 1163 4030 illi
1186 3978 1218 4041 V,
1238 3995 1306 4034 corr.
1326 3975 1351 4047 p²

223 4069 257 4121 26
275 4083 328 4120 non
348 4067 411 4123 odd.
432 4065 459 4137 p²
582 4069 615 4122 27
639 4071 768 4122 auxerunt
791 4067 821 4132 V,
849 4083 916 4122 corr.
936 4066 962 4136 p²
1080 4067 1115 4121 28
1142 4067 1298 4136 perstriucti
1319 4066 1350 4127 V,

223 4170 290 4209 corr.
310 4172 328 4205 α
