2904 4672
123 251 230 316 XVIII
539 247 828 315 Prolegomena.

123 444 199 521 474,
221 460 330 515 ,arna
347 457 560 514 monierus
571 457 755 513 annuns
766 457 884 513 noun
894 459 955 514 un
969 460 1097 516 cneco
1110 464 1146 530 (n
1162 462 1253 519 cou-

128 548 278 617 rnnrr,·,·
299 547 525 604 axnunnan
550 546 771 602 onsronrnr
789 547 850 602 ua
869 547 1158 606 anaonnrroun
1175 552 1251 607 nra

123 636 223 692 saur
241 635 393 690 nnnrro
419 633 597 688 Vroronn
621 633 718 689 urso
742 633 986 691 caramerum
1007 637 1084 692 sus
1105 637 1254 696 rnnoro

123 724 265 780 runnu
279 720 479 778 maranum
494 722 542 776 m
557 720 690 789 scaro.

167 815 201 901 2)
228 814 375 881 librarius
403 812 569 891 secundus,
598 811 653 895 qui
680 812 808 895 scripsit
834 815 1068 898 quaternionem
1095 837 1192 882 unum
1221 821 1254 884 et

124 923 186 987 duo
217 921 293 987 folia
320 919 387 1006 (fol.
411 916 567 1004 64-83),
589 918 702 1002 incipit
732 919 840 983 eadem
869 921 1049 1002 repetendo,
1073 922 1104 986 in
1137 923 1253 1006 quibus

125 1027 219 1094 deint
230 1025 366 1110 primns:
380 1022 546 1088 Dionaeins
564 1024 692 1106 winone
705 1022 802 1088 Rome
819 1025 856 1089 de
870 1045 959 1107 preco
976 1029 1122 1093 connecti.
1141 1027 1253 1093 Enem-

117 1134 196 1216 plcr
223 1137 377 1216 pectorum
399 1133 474 1207 etc.;
498 1130 620 1208 ultima,
654 1148 733 1212 quas
766 1129 902 1215 scripsit,
935 1134 1010 1198 sunt
1040 1134 1137 1199 uerba
1166 1136 1252 1201 tituli

124 1260 172 1325 ep.
198 1241 275 1304 151:
306 1236 480 1301 Hormn'edo
501 1235 618 1300 Ioanni
644 1237 783 1318 episcopo
810 1236 1157 1321 Constantinopolitano.
1185 1242 1253 1309 folii

125 1349 180 1412 83v
202 1345 347 1412 columna
368 1342 475 1407 dextra
496 1359 598 1406 uacua
618 1342 728 1407 relicta
751 1345 809 1409 ost.

169 1452 202 1536 3)
224 1450 370 1516 librarius
388 1447 502 1514 tertius
522 1447 651 1533 scripsit
669 1448 888 1531 quaterniones
907 1450 985 1517 dnos
1005 1452 1072 1538 (fol.
1092 1454 1252 1542 84-99);

123 1557 236 1641 incipit
256 1556 424 1639 repetendo
442 1555 678 1636 inscriptionem
696 1574 745 1638 ep.
766 1557 842 1620 151:
865 1555 1041 1622 Hormiedo
1057 1558 1175 1624 Ioanni
1192 1564 1254 1643 epi·

124 1682 214 1743 scopo
240 1660 577 1741 Constantinopolitano
600 1659 778 1744 desinitque
804 1662 910 1727 uerbis
934 1665 1019 1741 704„
1043 1664 1169 1731 colentes
1196 1671 1257 1733 toto

124 1789 238 1834 anenno.

168 1875 203 1962 4)
224 1874 372 1941 librarius
399 1875 531 1954 quartus
558 1871 710 1954 incipiens
736 1871 809 1936 inde
832 1892 850 1937 a
873 1874 958 1951 704„
981 1875 1101 1941 odontes
1129 1879 1255 1944 onotlc-

122 1981 309 2046 nottnamne
336 1976 464 2060 scripsit
491 1994 528 2040 ea
555 1995 634 2058 quae
660 1979 781 2040 restant
806 1978 861 2044 fol.
889 1980 1104 2046 100—108i.
1128 2002 1155 2049 e.
1180 2003 1255 2066 qua·

126 2086 298 2153 ternionem
325 2102 423 2148 unnm
449 2101 609 2163 unumque
632 2082 754 2147 lolium.
786 2083 854 2148 folii
879 2085 955 2149 108'
977 2086 1155 2152 columnam
1185 2090 1254 2155 der-

125 2198 206 2259 tram
228 2190 380 2255 mansisse
402 2207 537 2254 uacuam
559 2188 621 2252 iam
644 2207 739 2271 supra
761 2191 1014 2257 commemoraui.

171 2299 218 2363 De
244 2296 387 2362 manibus
414 2294 651 2371 recentioribus,
675 2313 754 2378 qnae
783 2296 922 2362 codicem
946 2303 1152 2379 correxerunt,
1175 2302 1257 2366 infra

126 2426 156 2489 p.
169 2403 305 2469 XXXIII
320 2421 387 2485 sqq.
399 2402 540 2467 dicturus
556 2420 636 2468 sum.
650 2404 724 2485 post
737 2402 920 2481 Eualdinm,
935 2405 1025 2469 cuius
1040 2405 1172 2471 schedas
1187 2426 1256 2472 aca-

127 2511 231 2577 demia
252 2506 503 2574 Uindobonensis
530 2525 655 2571 mecum
681 2508 935 2587 communIcauit,
959 2527 1016 2594 ego
1039 2510 1107 2593 ipse
1131 2531 1257 2595 quoque

127 2619 231 2681 totum
253 2614 394 2679 codicem
417 2631 511 2695 quam
534 2612 777 2697 diligentissime
800 2615 933 2679 excussi.

172 2808 219 2872 De
241 2809 342 2872 aetate
366 2825 401 2872 ac
423 2804 597 2870 uirtutibus
616 2804 760 2870 codionm
777 2805 807 2870 V
825 2809 857 2871 et
874 2827 896 2868 α
913 2826 985 2872 cnm
1002 2809 1096 2873 multi
1112 2809 1256 2875 homines

129 2914 214 2980 docti
240 2913 336 2977 uerba
361 2911 500 2989 fecerint,
529 2929 635 2976 eorum
662 2911 835 2977 sententiae
861 2912 913 2977 hio
941 2913 1078 2978 breuiter
1108 2914 1259 2979 uidentur

127 3019 311 3104 repetendae
334 3036 413 3083 esse.

171 3127 218 3192 Ao
239 3126 375 3208 primum
398 3123 523 3208 quidem
548 3143 654 3191 omnes
673 3126 736 3190 lere
753 3125 785 3189 in
805 3145 841 3191 eo
860 3125 1058 3191 consentiunt
1076 3127 1215 3192 codicem
1234 3153 1256 3192 α

129 3232 334 3298 uetustiorem
363 3249 432 3295 esso
460 3250 555 3315 qnam
578 3231 766 3296 Uaticanum
788 3231 826 3298 V.
850 3232 951 3297 ueluti
973 3231 1176 3318 Ballorinii²)‚
1201 3234 1255 3317 qui

128 3337 221 3421 primi
244 3336 461 3402 collectionem
483 3340 622 3404 nostram
645 3337 825 3402 adcuratius
851 3337 1091 3420 descripserunt,
1115 3339 1254 3404 codicem

129 3444 158 3507 V
185 3442 312 3510 saeculo
338 3441 400 3506 XII
430 3442 584 3524 scriptum
611 3461 680 3509 esse
706 3442 880 3508 iudicantes
908 3443 1046 3508 codicem
1068 3466 1089 3505 α
1116 3444 1254 3509 omnium

131 3549 368 3631 'adpellaueruut
390 3548 626 3613 celeberrimum
649 3550 681 3613 et
702 3548 966 3630 antiquissimum,
990 3549 1044 3630 qui
1067 3549 1151 3631 quod
1180 3550 1256 3614 olim

131 3655 193 3720 luit
217 3652 398 3718 monasterii
430 3651 462 3719 S.
492 3652 600 3719 Crucis
631 3653 741 3719 Fontis
770 3654 952 3733 Audiense,
982 3655 1046 3738 ipsi
1079 3655 1256 3724 collectioni

132 3778 242 3824 nomen
264 3757 442 3822 indiderunt
461 3757 641 3824 Auellanae.
674 3758 850 3825 cacciarius
858 3759 895 3844 ³),
918 3759 973 3844 qni
998 3761 1083 3824 tacet
1109 3760 1147 3824 de
1169 3761 1257 3826 Uati·

170 3965 190 4034 ¹)
209 3967 259 4022 sic!
277 3965 583 4021 cinnamum
598 3967 656 4021 add.
675 3984 745 4021 man.
756 3969 904 4023 recentior.

167 4053 188 4122 ²)
208 4049 329 4126 Append.
348 4055 382 4109 ad
401 4072 482 4125 opera
500 4055 526 4108 S.
545 4054 643 4109 Leonis
662 4074 688 4128 p.
708 4054 818 4111 CLVIII

167 4143 187 4210 ³)
208 4143 306 4197 Leonis
325 4160 385 4215 opp.
404 4143 430 4197 11
448 4160 473 4214 p.
493 4143 584 4197 LXVI.
