2902 4672
205 264 244 328 16
365 260 515 315 Marcellini
533 262 562 314 et
578 258 702 313 Faustini
720 258 753 312 do
772 257 936 314 confessione
956 277 1035 315 uerae
1052 261 1117 316 tidei
1136 265 1186 316 etc.

202 454 345 519 declinet.
379 457 408 518 et
443 452 537 519 Osius
570 453 695 536 quidem
728 453 914 520 auctoritate
952 455 1063 519 nititur
1098 475 1173 520 suae
1206 456 1330 535 aetatis,

203 558 372 644 Gregorius
395 579 469 624 uero
493 560 678 626 auctoritate
700 560 811 625 nititur
832 560 988 636 ueritatis;
1002 562 1057 626 ille
1071 561 1195 644 quidem
1215 561 1331 627 fiducia

200 666 282 750 regis
305 666 429 744 terreni,
452 667 513 731 iste
544 669 649 731 autern
681 666 797 731 tiducia
826 665 909 750 regis
942 667 1132 749 sempiterni.
1170 670 1202 732 et
1234 666 1331 734 Osius

201 771 317 853 scripto
339 751 536 853 imperatoris
559 771 669 847 utitur,
694 770 749 835 sed
773 769 943 854 Gregorius
967 771 1083 853 scripto
1103 771 1227 837 diuinae
1241 772 1331 838 uocis

149 875 332 943 abortiret.
400 879 527 941 etcum
558 895 613 959 per
636 877 740 941 omnia
774 874 869 941 Osius
902 875 1090 955 confutatur,
1121 877 1231 943 itaut
1263 879 1330 943 suis
1364 901 1378 942 s

200 982 343 1061 uocibus,
363 1001 440 1064 quas
463 1002 518 1065 pro
533 980 598 1047 fide
613 984 645 1045 et
658 982 791 1046 ueritate
806 982 891 1065 prius
907 982 1084 1072 scripserat,
1106 982 1331 1062 medicaretur,

202 1091 377 1154 commotus
410 1088 448 1153 ad
481 1087 712 1154 clementinum
753 1088 906 1152 uicarium
937 1088 1019 1153 ‘non'
1048 1088 1151 1170 inquit
1181 1090 1330 1174 ‘cognitio

200 1179 258 1259 tibi
280 1194 427 1259 mandata
450 1197 499 1260 est
521 1193 577 1258 sed
599 1194 768 1259 exsecutio.
802 1193 906 1272 uides,
936 1197 974 1258 ut
1003 1194 1125 1259 resistit
1155 1195 1332 1277 praeceptis

199 1299 373 1384 regalibus:
398 1319 563 1383 exsequere
587 1318 670 1383 ergo,
695 1299 779 1382 quod
810 1299 989 1364 mandatum
1014 1302 1073 1378 est,
1104 1301 1233 1366 mittens
1257 1320 1332 1366 eum

200 1405 232 1469 in
266 1405 413 1470 erilium‘.
446 1405 502 1471 sed
535 1403 759 1482 clementinus,
790 1405 866 1470 licet
900 1424 960 1470 non
998 1408 1083 1474 esset
1119 1405 1331 1500 Christianus,
1351 1432 1377 1470 m

202 1514 306 1575 tamen
330 1511 476 1583 exbibens
499 1511 707 1576 reuerentiam
732 1510 851 1577 nomini
869 1513 1068 1597 episcopatus
1087 1514 1118 1577 in
1137 1531 1173 1577 eo
1196 1512 1331 1577 maximo

200 1615 337 1693 homine,
361 1634 453 1697 quern
478 1614 606 1679 uidebat
627 1615 854 1680 rationabiliter
885 1619 917 1681 et
942 1617 1080 1682 fideliter
1112 1616 1260 1695 obtinere,
1284 1608 1351 1682 re·⁴

201 1720 329 1805 spondit
364 1718 439 1785 Osio
471 1725 544 1785 ‘nou
577 1720 676 1785 audeo
723 1721 866 1804 iuquiens
901 1722 1093 1805 ‘episcopum
1133 1722 1165 1786 in
1203 1722 1330 1788 erilium

201 1826 335 1904 mittere,
360 1825 508 1909 quamdiu
532 1825 632 1890 adbuc
654 1826 686 1890 in
710 1827 881 1910 episcopali
904 1826 1027 1893 nomine
1056 1832 1245 1911 perseuerat.
1275 1829 1330 1894 sed

203 1932 242 1996 da
263 1935 299 1995 tu
321 1931 406 2016 prior
422 1993 423 1996 ,
437 1932 624 1997 senteutiam
657 1950 728 1996 eum
757 1932 794 1996 de
823 1932 1023 2016 episcopatus
1051 1935 1166 1999 honore
1194 1933 1330 2000 deiciens
1349 1959 1372 2000 ra

203 2040 235 2102 et
255 2039 331 2102 tuuc
355 2037 490 2111 demum,
508 2055 641 2119 exequar
667 2037 698 2101 in
727 2057 799 2103 euru
827 2039 917 2122 quasi
939 2039 971 2103 in
994 2040 1162 2121 priuatum,
1187 2039 1271 2123 quod
1294 2059 1329 2105 er

151 2143 191 2207 37
203 2145 368 2226 praecepto
386 2142 582 2226 imperatoris
600 2143 666 2208 lieri
682 2144 860 2211 desideras’.
923 2149 960 2210 ut
977 2149 1084 2211 autem
1101 2145 1185 2209 uidit
1202 2148 1329 2211 sauctus

207 2246 387 2333 Gregorius,
401 2248 486 2331 quod
500 2247 594 2313 Osius
613 2250 711 2313 uellet
725 2249 795 2315 dare
815 2251 1012 2328 senteutiam,
1027 2254 1064 2316 ut
1082 2251 1171 2334 quasi
1189 2251 1328 2317 deiectus

204 2353 371 2433 uideretur,
400 2353 537 2437 appellat
563 2353 602 2418 ad
631 2374 741 2420 uerum
769 2358 801 2420 et
826 2359 985 2438 potentem
1008 2356 1144 2422 iudicem
1169 2355 1328 2423 Christum

203 2458 279 2525 totis
302 2458 375 2524 fidei
397 2478 473 2524 suae
495 2459 617 2525 uiribus
641 2463 814 2526 exclamans
844 2461 965 2528 Christe
990 2462 1077 2538 deus,
1101 2461 1155 2544 qui
1177 2464 1328 2527 uenturus
1344 2485 1374 2529 uo

205 2582 238 2634 es
269 2564 405 2630 iudicare
436 2565 528 2631 uiuos
561 2569 592 2630 et
624 2569 775 2645 mortuos,
808 2586 846 2631 ne
877 2568 1005 2649 patiaris
1036 2567 1129 2632 hodie
1160 2567 1331 2632 humanam

203 2670 332 2753 proferri
355 2671 540 2737 seutentiam
564 2672 715 2737 aduersus
740 2692 789 2737 me
813 2673 976 2737 minimum
1002 2691 1128 2738 seruum
1150 2675 1251 2752 tuum,
1275 2672 1328 2756 qui

202 2795 258 2860 pro
280 2776 341 2841 fide
370 2777 418 2842 tui
444 2778 579 2844 nominis
606 2780 644 2842 ut
668 2797 740 2843 reus
769 2779 924 2844 adsistens
947 2780 1162 2861 spectaculum
1184 2778 1327 2862 praebeo,

204 2881 259 2947 sed
281 2885 317 2948 tu
343 2883 422 2967 ipse,
447 2903 573 2967 quaeso,
596 2884 627 2949 in
656 2903 752 2949 causa
777 2886 833 2948 tua
860 2884 952 2950 hodie
979 2884 1093 2963 iudica,
1116 2885 1184 2966 ipse
1208 2887 1328 2950 senten·

202 2985 280 3052 tiam
310 2988 445 3072 proferre
479 2988 656 3074 dignaberis
688 3009 744 3072 per
774 2990 936 3054 ultionem.
968 3008 1029 3055 non
1061 2990 1119 3054 hoc
1152 3007 1210 3073 ego
1239 2988 1327 3072 quasi
1344 3009 1372 3052 ra

202 3095 345 3160 metuens
370 3095 496 3160 erilium
517 3094 584 3160 fieri
608 3095 710 3178 cupio,
730 3114 802 3160 oum
820 3095 898 3160 milri
915 3115 970 3178 pro
989 3098 1043 3160 tuo
1063 3088 1186 3159 nomine
1205 3096 1326 3160 nullum

203 3199 393 3283 supplicium
415 3219 474 3265 non
498 3218 596 3265 suaue
619 3201 671 3279 sit,
690 3201 746 3266 sed
767 3205 805 3265 ut
822 3202 915 3265 multi
933 3200 1208 3283 praeuaricationis
1227 3218 1326 3265 errore

201 3304 381 3385 liberentur,
414 3325 486 3371 curn
517 3309 713 3389 praesentem
745 3309 777 3371 et
807 3308 1054 3372 momentaneam
1088 3305 1223 3371 uiderint
1254 3305 1326 3370 ulti·

289 3493 323 3548 ao
342 3493 374 3547 af.
394 3494 467 3548 retr.
485 3493 541 3559 14,
561 3495 577 3548 s
597 3494 724 3564 (armon.
742 3495 771 3550 rr
789 3498 814 3562 4,
836 3499 861 3566 1)

235 3607 358 3676 dutitur
374 3607 411 3663 V:
429 3608 525 3663 nititur
538 3609 619 3664 Sirm,
691 3611 791 3680 scripta
810 3610 890 3666 Siron.
945 3610 1176 3666 diudicareturo
1231 3610 1263 3664 11
1282 3625 1325 3663 er·

200 3694 277 3748 iberis
298 3695 326 3750 V
394 3695 471 3750 ineo
491 3714 518 3750 o:
537 3714 596 3752 meo
620 3698 646 3751 V
708 3699 739 3752 12
757 3686 865 3773 hemina
882 3699 1160 3754 rao.cahomiueV
1217 3697 1324 3751 1511-

201 3782 272 3837 cient
294 3784 325 3848 V,
345 3799 413 3838 corr.
432 3781 459 3837 ο2
542 3786 574 3838 17
592 3785 677 3840 umba
695 3791 727 3840 ut
745 3790 835 3841 auteur
853 3786 924 3840 uidit
941 3803 1025 3855 usquc
1043 3786 1215 3841 adiudicare
1236 3786 1260 3854 (ξ
1278 3784 1322 3850 40)

199 3871 255 3939 fore
269 3872 307 3925 ad
319 3872 431 3927 uerbum
445 3872 536 3941 adfert
544 3874 792 3928 Pseudo-Isidorus
806 3875 838 3929 dc
850 3875 920 3929 airis
932 3876 1032 3930 illustr.
1046 3891 1067 3930 c.
1081 3880 1118 3929 14
1164 3875 1195 3929 18
1210 3873 1272 3927 dare
1287 3872 1324 3926 V:

199 3952 268 4012 ierre
287 3959 388 4015 Isidos.
460 3960 593 4016 deiectum
618 3962 648 4027 V,
667 3977 736 4016 corr.
755 3961 783 4034 p²
850 3963 894 4017 ³19
914 3963 946 4017 ad
966 3979 1058 4017 uerum
1077 3962 1116 4017 0²:
1137 3959 1325 4017 aduersumV

198 4047 234 4101 20
252 4047 399 4102 uisceribus
417 4048 517 4106 Isidos.
605 4050 640 4104 25
659 4050 770 4120 dignare
788 4051 888 4105 Isidos.
977 4068 1030 4105 non
1050 4068 1099 4122 ego
1120 4052 1196 4122 quasi
1215 4050 1322 4104 erilium

199 4137 321 4190 metuens
339 4136 433 4206 iugero
452 4137 529 4206 cupio
548 4137 648 4193 Isidor.
702 4139 736 4193 26
754 4142 858 4193 metues
881 4139 912 4203 V,
932 4154 999 4193 corr.
1019 4156 1033 4189 ο
