2904 4672
538 217 827 286 Prolegomena.
1151 217 1238 282 XXV

122 411 229 477 Sirleti
260 409 425 477 cardinalis
458 413 490 475 et
520 409 667 474 Marcello
695 409 727 473 ll
754 411 787 472 et
810 407 868 473 Pio
896 408 941 473 IV
969 410 1145 473 successori
1172 408 1241 474 eius

115 517 358 582 familiarissimi
388 516 535 581 docemur
564 515 670 580 uerbis
687 512 850 595 ,Emptum
877 534 915 577 cre
941 513 1029 578 libras
1059 512 1243 578 Gurdinalis

121 621 237 700 Stricti,
266 641 344 704 quae
371 625 501 686 exeunte
529 623 654 686 saeculo
685 622 724 685 16
747 620 822 685 16116
844 619 977 702 praefixo
1000 619 1149 701 inscripta
1171 627 1240 684 esse

121 727 193 793 dixi
219 727 287 791 ueri
314 730 420 791 autem
448 726 645 790 simillimum
673 725 780 790 estin
806 725 1029 796 bibliothecam
1057 724 1240 789 Uaticanam

121 852 194 897 eum
225 832 380 915 perlatum
414 851 483 897 esse
514 850 575 896 non
608 833 678 896 ante
709 834 840 896 mortem
878 829 984 897 Sirleti
1019 831 1125 913 itaque
1160 831 1242 894 intra

120 956 217 1004 annos
242 939 325 1003 1585
342 941 374 1002 et
388 939 482 1014 1591,
501 957 563 1020 quo
578 957 655 1001 anno
676 929 780 1002 studio
794 936 921 1002 Antonii
936 936 1099 1002 cardinalis
1115 935 1242 1002 6666166

121 1061 158 1108 er
180 1043 239 1108 boc
262 1045 399 1108 ‘uetusto
423 1043 529 1108 codice
549 1041 712 1108 Uaticano'
731 1042 881 1125 plurimas
903 1043 1097 1107 collectionis
1117 1043 1242 1108 nostrae

120 1149 272 1232 epistulas
294 1149 394 1214 editas
417 1167 485 1214 esse
507 1147 586 1212 infra
606 1147 793 1213 uidebimus.

164 1253 292 1331 Eorum,
316 1272 395 1337 quae
418 1254 581 1336 hucusque
606 1255 743 1337 exposui,
768 1273 892 1318 summa
914 1273 951 1318 ea
976 1256 1035 1332 est,
1062 1254 1095 1317 in
1123 1251 1243 1318 edenda

124 1359 311 1425 collectione
338 1361 445 1424 nostra
472 1358 658 1424 Uaticanis
680 1361 789 1442 utpote
813 1377 849 1423 ex
872 1359 898 1421 V
922 1358 1071 1440 descripti
1092 1358 1243 1423 rationem

122 1463 298 1530 habendam
325 1482 394 1529 esse
421 1463 549 1528 nullam.
563 1463 586 1548 ¹)
614 1463 669 1528 sed
695 1463 897 1529 inueniuntur
922 1465 954 1529 iu
982 1483 1019 1528 eo
1042 1484 1103 1529 non
1124 1481 1243 1546 paucae

123 1589 239 1652 eaeque
267 1569 461 1633 diuersarum
489 1572 521 1634 et
546 1588 695 1633 manuum
722 1572 754 1634 et
785 1572 922 1635 aetatum
955 1571 1171 1634 correctiones.
1205 1568 1242 1633 de

122 1674 238 1758 quibus
260 1677 442 1757 priusquam
464 1674 561 1739 uerba
581 1674 705 1753 faciam,
730 1694 765 1739 ex
786 1695 819 1740 re
843 1675 901 1741 erit
922 1676 1060 1740 breuiter
1084 1693 1245 1740 recensere

124 1783 244 1845 ceteros
272 1780 464 1845 collectionis
492 1784 616 1845 nostrae
644 1780 778 1860 codices,
806 1800 885 1863 quos
909 1800 1016 1847 omnes
1039 1780 1151 1846 aetatis
1175 1799 1244 1845 esse

122 1886 224 1950 multo
246 1886 426 1951 recentioris
448 1886 511 1950 iam
534 1905 629 1969 supra
651 1887 903 1952 commemoraui.

125 2042 158 2130 3)
181 2045 296 2112 Marc.
328 2044 464 2110 Uenet.
497 2046 572 2113 lur.
606 2064 739 2112 canon.
773 2048 814 2111 13
846 2046 928 2132 (lat.
962 2044 1037 2131 171)
1071 2045 1244 2111 chartac.

459 2152 673 2217 absolu-tus
698 2171 794 2217 anno
819 2154 914 2218 1469.

166 2274 281 2357 Incipit
303 2273 411 2339 eodem
434 2275 526 2340 modo
545 2279 639 2359 atque
658 2276 707 2339 Vn
724 2276 829 2341 uerbis
852 2272 992 2340 06616666
1009 2275 1167 2339 1616666766
1185 2277 1246 2339 666.

124 2379 298 2464 desinitque
320 2381 425 2445 uerbis
449 2383 671 2465 quinquaqinta
693 2382 811 2447 duobus
831 2382 995 2466 Epiphanii
1016 2381 1056 2446 ad
1072 2381 1245 2446 Diodorum

124 2485 285 2568 epistulae.
308 2487 515 2570 fragmentum
533 2488 569 2566 F,
592 2489 676 2570 quod
699 2487 761 2553 diri
783 2489 821 2553 ab
845 2488 906 2553 alia
927 2508 1021 2552 manu
1044 2488 1195 2569 scriptum
1213 2486 1245 2549 in

124 2673 258 2750 descripta
274 2675 335 2729 Illa
350 2676 436 2729 uerba
452 2677 566 2744 fumant
580 2677 678 2731 reddita
693 2695 711 2731 a
718 2694 800 2748 papa
812 2677 947 2732 Marcella
962 2676 993 2732 2⁰
1004 2694 1065 2732 eum
1078 2682 1142 2730 esset
1156 2675 1249 2730 adbuc

120 2763 430 2832 presbyter-‘cardinalis
447 2765 572 2819 ecclesiae
589 2765 734 2820 Romanae
750 2775 804 2820 666
822 2768 851 2820 66
869 2784 887 2818 α
903 2767 1040 2820 inuenitur
1057 2764 1104 2819 scd
1121 2764 1150 2818 in
1168 2765 1245 2820 Uati·

124 2866 189 2904 cano
208 2851 286 2912 5617,
304 2852 374 2905 unde
398 2853 506 2906 transiit
522 2852 551 2906 in
570 2853 688 2908 codicem
706 2854 897 2923 Angelicanum
916 2855 967 2908 292
989 2854 1076 2925 ipsum
1093 2853 1249 2907 Balleriniis

123 2941 224 2992 666666,
248 2955 326 3008 quarn
348 2939 394 3008 qui
412 2938 542 2995 Uaticano
561 2943 630 2996 5617
653 2941 796 3012 adscripsit
817 2945 849 2996 nt
871 2959 931 2996 eum
958 2958 1063 3011 quoque
1091 2959 1191 2996 errasse
1217 2942 1247 2995 in

124 3026 265 3094 propatulo
289 3031 337 3091 est,
356 3027 396 3081 ita
419 3044 499 3083 cansa
520 3030 615 3083 enoris
637 3030 793 3086 manifesta:
816 3030 919 3085 sciebat
940 3031 1065 3084 nimirum
1086 3030 1246 3083 Auellanam

125 3130 142 3163 6
159 3113 224 3166 6116
241 3112 325 3170 fuisse
337 3114 457 3169 Marcelli
470 3116 497 3169 Il
509 3133 602 3187 papae.
620 3117 649 3170 in
667 3133 719 3186 quo
734 3116 824 3171 codiee
842 3135 901 3172 cum
920 3119 1002 3172 uerba
1019 3118 1067 3171 illa
1086 3118 1161 3188 Quae
1178 3133 1248 3171 66666

123 3205 188 3254 eunt
211 3207 261 3255 etc.
284 3217 397 3255 amaon
420 3204 565 3272 posteriore
588 3195 681 3257 addita
701 3202 814 3270 uideret,
836 3205 869 3258 ab
893 3205 952 3274 ipso
974 3202 1071 3258 codicis
1088 3219 1246 3274 ‘possessore

124 3288 273 3343 coniciebat
290 3276 425 3358 adscripta
443 3307 509 3346 6666.
1264 3290 1267 3305 ⁷

141 3425 143 3428 ,
161 3375 181 3441 ¹)
201 3372 312 3431 Codices
331 3377 354 3430 V
372 3381 400 3432 et
418 3396 435 3429 α
452 3395 620 3449 quamquain,
638 3379 709 3450 quod
727 3381 879 3435 uniuersum
898 3380 1009 3445 adtinet,
1026 3381 1097 3435 inter
1115 3397 1143 3434 66
1162 3380 1246 3435 sinril·

123 3463 182 3516 limi
201 3467 271 3528 sunt,
289 3467 380 3519 tamen
396 3483 451 3521 666
469 3468 560 3537 paucis
577 3469 644 3523 16616
663 3486 680 3519 6
696 3469 839 3523 lectionem
858 3469 1024 3539 depranauit.
1043 3469 1199 3538 praesertim
1216 3469 1246 3521 in

124 3551 227 3605 ultimis
245 3552 302 3606 6166
325 3554 446 3624 partibus
470 3556 553 3609 semel
575 3558 655 3625 atque
672 3558 768 3611 itemm
787 3558 950 3627 singulorum
969 3557 1109 3612 uerborum
1127 3557 1245 3612 ordinem

124 3640 249 3712 mutauit,
279 3640 308 3695 id
336 3642 416 3712 qnod,
436 3643 497 3698 ideo
526 3661 578 3698 666
608 3647 689 3700 66666
717 3663 821 3710 moneo,
847 3663 881 3701 66
906 3647 965 3716 quis
992 3647 1061 3701 forte
1083 3645 1246 3708 minotauri

123 3743 208 3781 meam
233 3727 376 3783 editionem
401 3746 460 3784 curn
484 3729 594 3785 Careiae
616 3733 660 3786 uel
682 3733 779 3788 Thielii
798 3735 937 3789 66616666
956 3735 1041 3788 multa
1058 3735 1140 3788 uerba
1157 3735 1244 3787 66666-

123 3815 212 3883 posita
229 3816 357 3871 inueniat.
412 3817 536 3874 (lodicem
554 3837 572 3870 α
588 3820 633 3874 hic
649 3821 706 3882 illie
724 3822 826 3891 aliquid
843 3824 940 3876 rectius
958 3823 1057 3877 habere
1076 3839 1154 3892 quam
1172 3819 1196 3873 V
1213 3823 1247 3874 66

124 3906 224 3956 certum
243 3907 292 3968 666,
311 3905 422 3959 166666
438 3907 548 3971 mirum
566 3912 628 3961 sunt
646 3909 724 3970 ennn.
743 3913 773 3962 66
791 3927 822 3964 er
840 3909 968 3979 adparatu
987 3925 1045 3963 meo
1064 3909 1246 3978 unusquisque

123 3990 181 4060 ipse
198 3989 277 4045 facile
294 3990 407 4060 uidebit,
425 4010 515 4047 ornnes
534 3995 558 4048 ei
576 3994 628 4048 1661
645 3996 685 4048 166
703 3997 855 4066 comparati,
875 4000 907 4051 66
919 3997 964 4051 661
975 3996 1150 4051 stultissimus
1164 3996 1246 4050 libra-

123 4078 178 4130 rius
196 4095 241 4132 666
259 4095 343 4149 paene
360 4083 509 4136 necessario
527 4081 649 4136 debuerit
667 4085 804 4154 crrrrigere.
