2904 4672
168 223 210 284 74
314 219 356 272 De
374 218 416 271 bis
435 235 502 289 quae
521 219 592 271 iuter
608 217 774 271 Bonifatium
793 219 821 269 ct
838 215 974 270 Eulalium
992 218 1070 286 gesta
1087 218 1150 269 sunt

166 412 297 476 huiusce
315 411 360 475 rei
377 414 440 475 tam
460 411 644 475 diuturnum
661 429 730 476 csse
748 411 937 484 conflictum,
960 413 998 475 ut
1017 410 1099 475 inter
1120 412 1169 475 tot
1191 428 1291 475 sacer-

166 518 266 596 dotes,
285 519 337 601 qui
356 517 396 582 ad
413 517 565 600 synodum
584 521 801 593 conuenerant,
821 516 1009 598 quibusdam
1031 516 1289 582 dissentientibus

165 623 303 688 nondum
320 624 458 707 potuerit
476 624 649 706 apostolica
666 623 882 706 praeceptione
900 623 1021 687 firmata
1043 623 1111 687 uita
1131 621 1288 705 praeferri.

123 731 252 798 2tuam
278 731 381 794 tamen
409 748 443 794 se
475 730 630 793 interdum
662 728 740 793 boue
772 729 850 793 scire
882 729 1066 811 astipulauti
1097 747 1220 812 quoque
1253 727 1294 791 ea'

164 839 262 917 parte,
286 856 364 918 quae
388 836 551 918 discrepat,
576 836 643 900 siue
667 835 860 900 dubitatione
883 834 1018 900 confessi
1041 838 1124 913 sunt,
1143 838 1181 899 ut
1197 837 1289 918 plane
1317 855 1329 892 s

164 942 259 1006 fuerit
281 942 480 1007 manifestum
504 942 658 1024 expectari
680 946 753 1007 tuae
769 941 922 1006 iudicium
942 942 1127 1018 sanctitatis,
1146 941 1178 1005 iu
1198 941 1288 1005 cuius

164 1048 338 1130 praeseutia
372 1048 542 1131 promenda
570 1048 725 1112 sententia
752 1048 935 1127 differretur,
973 1047 1026 1130 qui
1060 1048 1171 1112 merito
1203 1048 1287 1110 uitae

163 1153 350 1234 praecedens
373 1157 456 1218 recte
480 1155 574 1218 ctiam
598 1173 633 1218 ex
655 1151 869 1218 transmarinis
887 1153 1077 1237 regionibus,
1097 1158 1133 1217 ut
1150 1152 1288 1217 iudicare

120 1260 278 1339 3possis,
307 1261 469 1342 expeteris.
537 1259 592 1325 sed
625 1261 769 1343 quamuis
801 1278 889 1324 sacra
919 1260 1025 1324 domni
1056 1259 1196 1342 germani
1227 1259 1287 1323 mei

163 1365 300 1447 Augusti
329 1365 478 1447 principis
510 1366 549 1431 ad
579 1366 689 1430 Italiae
722 1365 874 1449 synodum
907 1384 1082 1430 couuocans
1118 1364 1286 1429 auctoritas
1305 1386 1326 1424 n

163 1488 221 1534 non
249 1470 441 1553 neglegenda
467 1473 652 1554 peruenerit,
680 1472 827 1536 sociande
852 1472 1030 1555 specialiter
1057 1471 1151 1535 etiam
1174 1471 1287 1536 sereni·

163 1576 238 1640 tatis
257 1579 380 1640 nostrae
399 1577 515 1659 scripta
532 1576 718 1652 iudicamus,
734 1578 848 1661 quibus
860 1596 976 1660 precor,
994 1579 1032 1640 ut
1051 1576 1286 1641 desiderabilem

163 1685 325 1763 aspectum
347 1680 573 1747 benedictionis
596 1686 669 1746 tuae
692 1683 760 1747 siue
783 1683 981 1747 excusatione
1000 1682 1172 1747 concedens
1191 1682 1286 1746 omni·

110 1827 113 1831 ·
163 1787 282 1868 potenti
301 1787 358 1851 deo
376 1790 500 1873 gratum
518 1787 640 1852 iudices
659 1789 742 1852 hunc
764 1788 913 1863 laborem,
937 1787 1021 1870 quod
1043 1790 1076 1851 et·
1096 1806 1151 1869 pro
1176 1786 1286 1851 eximio

165 1892 324 1958 sacerdote
351 1896 385 1956 et
409 1912 464 1976 pro
494 1898 619 1958 sauctae
647 1894 732 1958 uitae
759 1893 877 1957 meritis
901 1893 1086 1958 sententium
1108 1893 1286 1974 prolaturus
1304 1914 1325 1953 o

164 1999 441 2063 remunerationem
465 1999 637 2063 uenationis
660 1999 755 2063 huius
777 1999 808 2062 iu
832 1998 968 2082 praemio
996 1997 1101 2062 diuino
1128 1998 1287 2082 intellegis

165 2104 378 2168 constitutam.
446 2105 527 2168 Data
548 2105 634 2169 XIII.
657 2105 729 2179 Kal.
753 2105 850 2189 April.
874 2105 1048 2168 Rauennae.

684 2296 769 2380 cao

361 2438 491 2484 aninmo
515 2438 671 2484 srunacffl
694 2439 723 2483 P.
747 2439 776 2493 U.-
799 2439 842 2483 Ab
868 2437 1093 2483 conssnrslun.

208 2558 321 2605 oourno
355 2561 471 2606 saurus
500 2562 637 2607 inausum
669 2563 707 2606 aa
746 2561 870 2606 onnoua
906 2559 1076 2604 nsommoo
1113 2559 1286 2615 uanmoqun
1304 2563 1327 2602 ao

165 2663 283 2708 susum
301 2665 342 2709 no
362 2667 538 2712 unasoauso
557 2667 698 2713 rrirnono
719 2665 914 2712 consonarum
938 2665 1127 2709 srmnouus.
1188 2645 1286 2724 Quae-

164 2767 297 2832 cumque
328 2752 431 2816 subito
464 2754 549 2818 nullo
583 2754 727 2835 opinante
764 2753 960 2834 proueniunt.
998 2771 1052 2816 nec
1088 2750 1126 2814 ad
1163 2752 1287 2832 culpam

163 2854 276 2921 iudicis
298 2856 405 2922 referri
428 2864 561 2941 possunt
585 2863 616 2923 et
638 2862 790 2941 populum
813 2859 942 2924 rationis
965 2858 1107 2942 ignarum
1130 2857 1288 2938 insperata

120 2971 140 3034 2
163 2961 302 3027 nouitate
328 2964 519 3045 perturbant.
586 2967 635 3029 uit
660 2985 792 3048 namque
819 2963 985 3048 religiosus
1012 2962 1154 3026 Eulalius
1178 2962 1286 3043 quinto

163 3066 284 3132 decimo
311 3068 382 3136 Kal.
409 3070 507 3154 April.
536 3073 645 3136 urbem
672 3091 722 3135 me
749 3071 905 3136 nesciente
933 3068 1111 3132 meridianis
1135 3068 1219 3133 horis
1243 3068 1286 3131 in·
1303 3094 1326 3134 n

162 3191 289 3256 gressus
305 3177 363 3239 est.
378 3194 470 3258 quem
486 3177 601 3242 credidi
619 3177 747 3259 aliquod
765 3196 873 3242 secum
891 3175 1058 3258 pertulisse
1072 3176 1286 3257 praeceptum3

162 3297 271 3342 uerum
295 3279 404 3344 eodem
427 3281 476 3346 die
499 3283 582 3347 circa
603 3301 768 3364 uesperum
793 3280 966 3364 Spolitinus
991 3279 1155 3362 episcopus
1179 3279 1285 3342 missis

161 3384 273 3449 litteris
301 3405 351 3450 me
379 3386 511 3453 credidit
537 3389 774 3466 admonendum,
804 3388 886 3471 quod
913 3406 1002 3452 sacra
1024 3386 1062 3450 ad
1085 3404 1119 3449 se
1142 3388 1285 3449 manante

161 3489 193 3553 iu
224 3491 301 3556 urbe
333 3491 415 3556 diem
447 3496 590 3560 sanctum
621 3496 756 3578 paschae
787 3496 894 3558 iussus
926 3493 970 3557 sit
1000 3492 1164 3556 celebrare.
1204 3489 1285 3571 quod

195 3647 213 3699 4
235 3648 309 3700 tuum
334 3649 379 3712 (sc.
403 3649 500 3718 uitam)
522 3650 631 3720 scripsi:
655 3666 733 3719 quam
756 3649 780 3703 V
884 3646 1017 3700 Interdum
1041 3649 1086 3712 (=
1108 3644 1225 3709 interim)
1251 3644 1285 3696 l':

161 3731 189 3786 iu
207 3735 234 3786 te
253 3733 411 3789 dubitanter
427 3735 522 3806 Meyer
576 3738 606 3791 ll
631 3737 787 3806 prouenerit
807 3736 877 3790 Bor.
933 3735 965 3787 14
987 3749 1035 3804 pro
1058 3732 1153 3786 eulmio
1178 3732 1284 3800 Meyer:

161 3821 327 3889 proximoV
378 3825 410 3878 17
429 3823 495 3878 XIII
518 3824 553 3879 V:
571 3824 614 3879 111
632 3841 651 3876 α
667 3824 736 3880 Bar.

195 3909 243 3966 29.
277 3910 347 3966 Dor.
366 3911 409 3966 dte
422 3912 562 3970 serrare
579 3915 641 3969 419.
702 3913 777 3967 Edd.
792 3911 913 3966 Bucari
926 3928 951 3966 a.
968 3909 1189 3975 419,26;Iacret.
1205 3910 1282 3963 Auci.

162 3992 260 4068 Syram
278 4001 330 4068 2⁶3·
346 3999 456 4074 Selom).
475 4005 501 4057 et
516 4001 586 4057 Por.
603 4002 636 4057 Χ
653 4003 699 4058 78.
753 4004 787 4056 26
806 3999 879 4071 aliqd
892 4000 922 4069 (i.
937 4017 958 4055 e.
973 3996 1082 4068 aliquod
1100 4013 1166 4051 corr.
1186 4013 1218 4051 ca
1236 3997 1283 4050 uli·

162 4083 238 4154 quid)
261 4085 287 4139 V
336 4087 372 4142 29
385 4085 525 4152 urbeml',
543 4101 611 4142 con.
631 4087 698 4142 Bor.
