2894 4672
553 220 639 291 Epist.
657 219 729 274 L1.4
747 250 780 260 -
798 219 848 274 LII
866 220 892 276 3.
1216 223 1279 288 119

163 416 250 482 decet
285 417 392 480 sancta
427 412 613 478 exultatione
649 412 793 496 gaudere,
829 417 866 478 ut
897 432 1051 498 nerapax
1078 413 1279 482 domininon

163 520 263 590 solnm
286 519 515 606 praedicatione
532 518 605 583 fidei
628 518 684 583 sed
706 519 800 583 etiam
822 538 944 584 morum
968 518 1152 586 clarificetur
1179 538 1279 586 erem·
1386 581 1388 584 Α

159 630 224 712 plo.
288 627 371 691 Data
391 624 458 690 XV.
482 623 692 689 Kalendarum
715 624 911 697 <Iuliamm>
929 624 1043 710 Magno
1063 629 1095 692 et
1113 626 1278 710 Apollonio

161 733 346 801 conss.·Per
366 731 549 802 liloxennm
570 732 714 814 agentem
736 729 768 794 in
789 729 893 794 rebus.
966 797 969 805 ,

104 944 138 985 5
681 919 763 1005 (52.)

201 1066 258 1112 nno
299 1064 465 1111 nnrsconns
506 1061 666 1110 onnnnmo
707 1062 856 1111 nrrscono
898 1063 1278 1112 consnsunmoronrrnno.

161 1153 344 1218 Dilectionis
366 1155 440 1217 tuae
461 1151 574 1216 litteris
598 1153 630 1216 et
651 1151 781 1216 fratrum
801 1150 1129 1235 coepiscoporumque
1160 1153 1278 1217 nostro-

161 1277 229 1323 rnm
261 1256 433 1323 Domitiani
464 1257 496 1322 et
528 1254 702 1322 Geminiani
732 1272 872 1321 sermone
904 1255 1038 1339 cognoui
1068 1255 1277 1334 Timotheum,

88 1445 90 1448 Α
159 1369 329 1446 postquam
349 1362 484 1428 ecclesia
503 1360 728 1427 Alexandrinae
758 1359 897 1426 ciuitatis
929 1362 1077 1446 expulsus
1108 1365 1167 1438 est,
1201 1361 1278 1429 Con-

105 1488 140 1531 na
160 1469 394 1551 stantinopolim
417 1467 575 1535 nonnullis
598 1469 658 1533 hoc
680 1465 752 1532 fidei
775 1463 962 1533 aduersariis
985 1468 1149 1552 agentibus
1171 1467 1278 1533 uenire

158 1576 354 1658 permissum,
387 1579 438 1653 nt,
465 1576 618 1658 quantum
650 1571 742 1638 datur
762 1572 924 1658 intellegi,
957 1573 1030 1656 quia
1060 1573 1277 1639 uniuersorum

161 1680 278 1748 domini
314 1680 511 1747 sacerdotum
543 1677 707 1745 sententiis
740 1681 906 1751 coartatur.
938 1678 1057 1745 inuitus
1089 1681 1201 1744 saltem
1240 1680 1278 1744 ad

160 1788 349 1859 catholicum
379 1807 412 1853 se
443 1786 558 1871 dogma
588 1786 750 1850 conueniat
781 1787 822 1863 et,
853 1786 1013 1868 tamquam
1043 1789 1168 1868 propter
1199 1786 1279 1850 hanc

157 1891 373 1959 tantummodo
398 1911 524 1958 cansam
547 1891 692 1957 uideatur
714 1890 844 1966 eiectus,
866 1890 1039 1956 haereticae
1061 1891 1277 1974 pemersitatis

124 2016 258 2076 nemore
300 1997 444 2062 damnato
486 1996 643 2062 doctrinae
676 1994 876 2076 apostolicae,
900 1997 937 2061 ut
967 1994 1006 2060 ad
1040 1995 1278 2060 Alexandrinam

157 2103 271 2181 redeat,
305 2103 497 2186 adquiescat,
531 2120 602 2166 oum
633 2101 692 2180 illi,
725 2099 848 2165 etiamsi
879 2101 1053 2166 catholicus
1084 2101 1275 2185 probaretur,

157 2200 215 2276 hoc
237 2211 440 2275 uehementer
462 2208 604 2285 obsistat,
629 2207 712 2290 quod
735 2207 863 2272 uiuente
886 2208 1032 2292 episcopo
1056 2209 1161 2272 tantm
1192 2207 1275 2279 sedis

154 2317 282 2381 inuasor
304 2317 353 2380 est
370 2318 402 2381 et
419 2317 528 2380 auctor
550 2313 694 2397 apparuit
714 2313 873 2378 inanditae
891 2313 1083 2378 crudelitatis
1099 2313 1275 2380 emmissae.

157 2424 189 2486 et
207 2421 278 2486 ideo
302 2421 426 2486 dilectio
446 2427 502 2485 tua
523 2419 745 2495 sollicitudine,
765 2438 826 2501 qua
844 2420 949 2496 claret,
968 2419 1044 2484 eniti
1063 2421 1096 2484 ei
1117 2418 1274 2484 elaborare
1299 2429 1319 2492 2

108 2525 290 2604 redebebit,
313 2545 352 2590 ne
375 2545 447 2590 cum
469 2527 534 2590 tam
557 2524 674 2591 nefario
697 2524 821 2590 homine
849 2542 950 2590 sermo
982 2525 1095 2608 uliquis
1125 2526 1274 2609 priuatim

153 2634 207 2698 uel
223 2631 348 2715 publice
365 2632 534 2696 misceatur
547 2648 624 2695 neue
640 2631 698 2695 snb
713 2630 816 2713 specie
830 2630 1029 2696 correctionis
1049 2631 1117 2697 eins
1141 2650 1275 2714 quorun·

154 2738 225 2802 dam
266 2740 422 2803 conuentu
461 2736 646 2820 praebeatur
677 2737 819 2812 occasio,
860 2754 898 2801 ne
938 2736 1087 2802 redeundi
1121 2737 1273 2822 integram

152 2843 255 2926 capiat
277 2842 464 2914 libertatem.
489 2842 526 2907 de
550 2861 610 2925 quo
625 2842 689 2906 iam
706 2841 817 2907 edictis
832 2842 898 2907 snis
913 2843 1056 2927 princeps
1076 2842 1273 2909 Christianis-

152 2949 254 3014 simus
295 2947 457 3013 iudicauit.
525 2948 609 3014 omni
648 2947 747 3030 igitur
785 2948 892 3014 labore
933 2952 965 3014 et
996 2948 1318 3033 circumspectione3

96 3085 131 3129 ,a
149 3054 296 3138 peruigili
318 3053 434 3119 unitati
461 3054 692 3120 ecclesiasticae
714 3053 897 3136 profuturus
921 3054 1046 3131 enitere,
1068 3053 1164 3119 frater
1180 3053 1273 3119 canis—

149 3160 242 3236 sime,
266 3162 303 3225 ut
325 3179 399 3242 spes
420 3159 678 3244 suffragatoribus
700 3158 801 3241 ipsius
826 3159 981 3224 adimatur
1003 3164 1036 3224 et
1056 3158 1273 3225 Alexandrinis

148 3283 186 3330 ex
211 3266 291 3330 clero
316 3284 372 3330 suo
397 3266 570 3331 catholicus
594 3266 759 3349 episcopua
783 3265 956 3329 secundum
987 3283 1105 3330 morem
1131 3267 1272 3330 ueterem

186 3484 203 3538 3
230 3483 358 3537 Iuliarum
382 3499 416 3538 ea
437 3500 469 3539 ec
491 3499 561 3552 quoe
580 3483 700 3552 acquitm
716 3483 834 3552 epistula
851 3483 966 3539 inscruit
983 3483 1045 3539 Sur.
1134 3486 1273 3543 dl'iloxe·

140 3572 225 3626 'nium
248 3570 279 3635 V,
298 3586 366 3626 corr.
385 3589 403 3622 α

186 3659 235 3719 ta.
269 3660 338 3714 Dat.
355 3665 388 3721 oet
404 3677 444 3729 cp.
465 3663 505 3714 51.
576 3662 620 3716 Dc
637 3660 800 3716 editionibus
817 3660 881 3716 uide
891 3677 931 3730 ep.
948 3664 990 3716 51.
1044 3661 1272 3734 'dirmetcoepi-

146 3763 289 3818 scaporum
308 3763 359 3818 que
382 3748 413 3813 V,
433 3751 461 3803 et
478 3748 530 3804 dcl.
549 3753 575 3819 p²
610 3749 642 3802 11
664 3749 726 3818 quia
743 3747 778 3802 V:
798 3748 845 3818 qni
863 3767 877 3818 ρ
915 3750 946 3804 12
965 3753 1100 3804 coartatus
1118 3751 1150 3814 V,
1169 3753 1274 3807 correxi

146 3835 181 3890 13
199 3838 227 3889 et
244 3834 282 3889 V:
301 3838 334 3890 nt
350 3834 414 3891 Sur.
469 3838 503 3891 14
521 3853 628 3891 causam
645 3837 682 3891 V:
701 3838 807 3906 culpam
825 3836 923 3893 &eiua
940 3843 965 3892 ct
981 3838 1146 3894 Baliariciia
1163 3841 1273 3896 tectibus

139 3922 224 3979 codd.
246 3922 341 3978 Veneti
411 3925 512 3980 electus
535 3924 566 3992 V,
586 3940 654 3980 core.
674 3922 701 3976 o²
760 3924 880 3980 heretico
902 3923 934 3990 V,
953 3941 1022 3982 corr.
1041 3925 1068 3997 p²
1122 3927 1154 3982 18
1173 3931 1201 3983 et
1218 3927 1272 3983 Sa·

140 4010 223 4068 atuor
237 4013 265 4066 et
288 4027 348 4067 cnm
375 4011 407 4076 V,
432 4015 461 4067 ct
483 4012 554 4082 quod
578 4011 605 4083 p²
695 4014 727 4067 19
752 4013 835 4067 claret
856 4011 934 4068 Sua:
956 4015 1057 4069 clareas
1085 4015 1117 4080 V,
1140 4016 1222 4071 clares
1246 4015 1274 4085 p?

139 4099 177 4152 22
195 4100 339 4154 conuentni
356 4098 390 4166 0²,
410 4103 588 4155 conuentuum
607 4099 634 4170 p²
686 4101 721 4155 24
737 4099 874 4155 indicauit
896 4101 928 4169 V,
947 4117 1014 4158 corr.
1034 4102 1061 4173 p²
