2904 4672
168 270 235 335 324
428 265 560 320 lohannes
577 266 611 320 li.
630 283 701 336 papa
719 266 752 320 ad
771 265 946 322 iustinianmu
964 268 1032 338 Aug.

171 481 267 533 carne,
291 464 412 523 eundem
434 463 527 539 ipsum
550 465 757 538 impassibilem
781 466 897 527 deitate.
921 466 1047 526 ntenim
1069 468 1168 527 estin
1192 468 1295 527 diuini-

170 553 407 628 imperfectus,
434 554 478 611 ita
503 553 579 611 idem
606 553 668 627 ipse
696 556 725 612 et
749 554 780 611 iu
806 556 983 613 humanitate
1010 556 1158 631 perlectus
1180 560 1240 617 est:
1266 557 1295 615 in

170 659 229 700 uua
260 642 336 700 enim
367 641 554 700 subsistentia
584 644 724 701 unitatem
756 643 927 717 suscipimus
954 646 984 701 et
1010 644 1190 716 confitemur,
1223 645 1294 720 quod

120 727 160 791 15
171 731 271 790 dicunt
289 729 391 789 Graeci
412 725 465 809 ripe
486 722 559 787 καθ’
583 719 741 787 dodemani
759 721 861 788 ἕνωσιν
879 723 1092 811 ὁμολογοῦμεν.
1116 735 1146 791 et
1163 733 1295 807 qnoniam

171 818 337 893 unigenitus
363 817 439 877 filius
466 818 544 885 (et)
571 817 690 875 uerbum
718 818 763 876 dei
789 820 857 876 aute
883 819 1000 877 saecula
1024 823 1054 877 et
1080 821 1143 880 sine
1170 824 1329 896 temporeo

172 908 207 967 de
238 909 318 980 patre
350 910 446 977 natus,
478 907 553 965 idem
584 906 645 978 ipse
678 907 707 963 et
737 907 767 965 in
793 906 901 965 ultimis
928 907 1029 966 diebus
1057 909 1236 970 descendeus
1261 910 1294 968 de

171 995 269 1065 caelis,
300 995 466 1055 incarnatus
493 1011 528 1053 ex
554 996 654 1052 sancto
681 994 784 1067 spiritu
806 999 835 1053 et
856 998 958 1054 sancta
983 998 1068 1070 atque
1091 997 1219 1072 gloriosa
1238 997 1294 1056 uir·

170 1084 238 1157 gine
261 1085 290 1142 et
312 1084 358 1143 dei
380 1083 517 1158 genitrice
540 1082 632 1141 llaria
653 1084 683 1140 et
703 1082 788 1142 homo
815 1083 910 1143 iactus
937 1083 1068 1143 domiuus
1095 1088 1196 1146 noster
1215 1086 1294 1145 Iesus

170 1172 300 1232 Ohristus
321 1173 437 1247 proprie
460 1173 489 1231 ct
510 1188 576 1229 uere
600 1172 671 1230 deus
689 1174 742 1242 est,
760 1172 825 1230 ideo
844 1174 874 1230 ot
890 1175 1020 1231 sanctam
1038 1176 1125 1248 atque
1141 1174 1293 1249 gloriosam

170 1260 311 1334 uirgr'nem
333 1260 452 1319 Mariam
475 1259 591 1334 proprie
614 1261 643 1316 et
664 1275 732 1317 uero
759 1259 806 1319 dei
831 1261 950 1318 matrem
978 1261 1114 1321 dicimus:
1142 1279 1203 1323 nou
1229 1260 1295 1337 quia
1308 1280 1328 1320 ro

171 1350 242 1407 deus
268 1348 387 1408 uerbum
412 1348 586 1423 principium
613 1364 646 1405 er
672 1347 737 1421 ipsa
767 1348 921 1423 sumpserit
951 1349 1003 1408 sed
1030 1352 1106 1424 quod
1131 1351 1164 1409 in
1190 1349 1295 1409 ultimis

172 1437 273 1497 diebus
295 1437 445 1496 descendit
466 1437 502 1495 de
530 1435 617 1494 caelis
640 1436 669 1492 et
695 1452 729 1494 ex
754 1435 820 1510 ipsa
845 1437 1011 1495 incarnatus
1037 1440 1067 1496 et
1091 1438 1178 1499 homo
1203 1438 1294 1497 factus

117 1521 256 1586 16natus
284 1528 338 1585 est.
365 1542 449 1599 quem
477 1524 645 1583 confitemur
671 1525 701 1581 et
727 1524 878 1595 credimus,
910 1524 986 1584 siout
1012 1526 1120 1585 dictem
1147 1529 1202 1597 est,
1229 1543 1294 1586 con·

172 1613 391 1672 substantialem
422 1630 486 1671 esse
515 1611 591 1687 patri
622 1613 779 1671 secuudum
806 1613 940 1682 deitatem
967 1615 997 1671 et
1022 1614 1294 1675 consubstantialem

170 1701 255 1761 nobie
278 1703 399 1761 eundem
421 1701 516 1776 ipsum
538 1699 694 1760 secuudum
720 1700 926 1760 humanitatem
960 1701 1086 1761 eiusdem
1107 1702 1248 1763 miracula
1269 1704 1329 1761 eto

120 1786 160 1849 17
170 1790 332 1866 passiones,
359 1807 431 1865 quas
457 1792 559 1864 sponte
587 1805 672 1847 carne
699 1789 844 1859 sustinuit,
874 1792 1089 1862 cognoscentes.
1124 1790 1296 1866 suscipimus

171 1881 266 1937 autem
293 1881 396 1937 sancta
417 1879 552 1953 quattuor
575 1875 705 1945 concilia,
728 1877 759 1935 id
781 1881 825 1935 est
846 1879 1038 1937 trecentorum
1061 1879 1161 1938 decem
1184 1882 1215 1939 et
1234 1881 1295 1939 octo

171 1970 337 2026 sauctorum
367 1968 493 2040 patrum,
527 1964 576 2040 qui
611 1965 641 2022 iu
673 1964 783 2023 Nicaea
814 1966 980 2040 cougregati
1010 1969 1091 2037 suut,
1123 1969 1154 2026 et
1185 1970 1296 2029 centum

172 2055 381 2130 quinquaginta
411 2058 575 2113 sanctorum
601 2054 775 2126 <patrum>‚
808 2055 857 2128 qui
887 2053 917 2112 in
944 2054 999 2113 hac
1025 2055 1106 2129 regia
1130 2056 1203 2114 urbe
1230 2057 1296 2115 cori·

171 2147 322 2211 uenerunt.
350 2145 380 2201 et
405 2145 568 2201 sanctorum
594 2143 717 2215 patrum,
745 2141 794 2216 qui
819 2142 850 2200 in
871 2143 985 2217 Epheso
1011 2143 1102 2217 primo
1130 2141 1297 2218 congregat·
1310 2155 1332 2196 se

35 2254 52 2275 ·-
172 2234 249 2301 sunt,
274 2233 304 2290 et
323 2234 490 2290 sanctorum
511 2233 635 2305 patrum,
659 2229 760 2304 quiin
783 2230 964 2291 calchedona
990 2236 1198 2302 conuenerunt,
1224 2230 1298 2291 siout

121 2313 271 2379 18uestra
291 2319 449 2394 apostolica
470 2318 554 2377 sedes
577 2319 662 2377 docet
682 2319 767 2392 atque
789 2317 946 2393 praedicat.
985 2335 1084 2379 omnes
1110 2336 1180 2394 ergo
1202 2336 1296 2379 sacer-

172 2409 254 2468 dotes
275 2409 429 2482 sequentes
452 2407 610 2466 doctrinam
632 2406 808 2480 apostolicae
829 2406 943 2465 uestrae
965 2407 1042 2467 sedis
1063 2406 1106 2465 ita
1127 2408 1250 2467 credunt
1270 2409 1298 2465 et

172 2495 341 2555 confitentur
364 2500 443 2564 <et>
465 2495 641 2570 praedicant
678 2496 754 2553 uude
775 2494 991 2569 properauimus
1010 2494 1084 2554 haec
1106 2495 1144 2554 ad
1167 2496 1303 2555 notitiam-

173 2583 281 2643 delerre
303 2586 416 2643 uestrae
439 2582 600 2642 sanctitatis
621 2599 674 2657 per
691 2582 845 2657 Hypatium
869 2585 898 2641 et
918 2582 1092 2642 Demetrium
1114 2583 1298 2643 beatissimos
1311 2592 1333 2633 ὅ

172 2672 332 2747 episcopos,
359 2674 392 2730 ut
417 2689 471 2731 nec
498 2673 624 2730 nestram
650 2670 832 2729 sanctitatem
858 2670 958 2742 lateat,
981 2689 1054 2746 quae
1080 2688 1100 2729 a
1126 2671 1297 2745 quibusdam

171 2759 271 2834 paucis
306 2760 453 2819 monachis
488 2759 562 2817 male
593 2762 623 2817 et
647 2758 764 2817 Iudaica
799 2758 957 2818 secuudum
986 2758 1113 2819 Nestorii
1148 2759 1297 2833 perfidiam

122 2841 161 2904 19
172 2848 313 2923 denegata
329 2849 406 2907 sunt.
442 2847 565 2922 petimus
583 2863 651 2920 ergo
668 2849 795 2905 uestrum
812 2849 962 2919 paternum
975 2842 1129 2916 adfectum,
1143 2850 1179 2906 ut
1194 2847 1297 2907 uestis

172 2937 210 2995 ad
241 2954 293 2997 uos
326 2935 477 2994 destinatis
512 2934 615 2993 litteris
646 2937 677 2993 et
706 2935 743 2993 ad
761 2935 985 2993 ¹sanctissimum
1016 2933 1184 3009 episcopum
1213 2935 1297 2994 huius

172 3025 264 3083 almae
286 3025 367 3084 urbis
390 3027 420 3082 et
440 3023 633 3098 patriarcham
654 3025 781 3082 uestrum
804 3022 930 3092 fratrem,
954 3023 1087 3097 quoniam
1110 3031 1140 3081 et
1162 3022 1226 3098 ipse
1247 3041 1298 3098 per
1311 3033 1333 3073 υ

173 3113 288 3173 eosdem
310 3112 426 3186 scripsit
446 3112 484 3171 ad
506 3114 631 3170 uestram
652 3111 834 3170 sanctitatem
855 3110 996 3169 festinans
1016 3110 1048 3169 in
1071 3111 1207 3170 omnibus
1229 3128 1296 3171 con·

172 3200 254 3275 sequi
284 3201 381 3259 sedem
413 3200 600 3274 apostolicam
629 3198 817 3258 beatitudinis
848 3201 969 3269 uestrae,
997 3198 1182 3258 manifestum
1212 3200 1297 3260 uobis

206 3419 405 3489 3suscepimus
428 3417 455 3471 V
555 3396 670 3472 tinctati
692 3416 813 3487 postssin
835 3432 884 3470 eno
903 3417 945 3470 siu
963 3416 1116 3495 omoiogum
1138 3415 1167 3470 V
1235 3420 1297 3473 5et

177 3533 301 3588 Vacca:
319 3549 369 3587 om.
393 3532 420 3586 V
505 3488 648 3586 tultimcs
671 3531 698 3585 V
782 3531 798 3583 'i
822 3533 913 3584 sancto
937 3531 1034 3601 spiritu
1056 3516 1184 3588 Vacca:
1201 3533 1295 3603 spiritu

173 3625 265 3682 sancto
283 3621 311 3675 V
342 3622 415 3675 9est
432 3619 598 3674 Vacca-:ec
619 3618 645 3672 V
696 3620 723 3672 et
731 3633 785 3687 pro
800 3620 881 3688 atque
894 3617 1023 3686 (morel)
1037 3619 1175 3690 chgcn'
1190 3620 1296 3679 Codicis

173 3709 255 3763 editio
310 3708 344 3762 10
359 3707 481 3776 matrem]
497 3707 655 3776 genitricem
672 3705 712 3758 Vb
765 3705 798 3759 18
810 3705 906 3760 nicena
922 3705 949 3759 V
1000 3707 1033 3761 19
1051 3709 1158 3776 patrum
1174 3707 1296 3771 Voces.-

172 3814 223 3851 om.
242 3796 268 3849 V
301 3797 333 3850 21
354 3794 522 3851 chalcedone
541 3793 600 3848 edd.
616 3793 723 3848 Codicis
758 3793 792 3846 22
805 3792 870 3847 toda
887 3794 923 3848 ob
942 3810 1032 3848 omues
1048 3794 1295 3864 ioctpttmsrd

172 3885 207 3938 24
234 3883 396 3938 confitentur
422 3886 450 3937 et
476 3878 633 3951 praedicant
661 3879 784 3933 Vacca:
806 3881 967 3936 confitentur
990 3881 1149 3952 praedicant
1180 3886 1210 3947 V,
1237 3900 1295 3938 cou-

172 3973 284 4026 flteutur
302 3974 330 4024 et
347 3970 440 4025 dicunt
452 3969 501 4034 A²‚
518 3968 681 4024 confidenter
698 3972 792 4026 dicum
804 3969 844 4025 Α·
914 3971 965 4025 hoc
976 3969 1087 4028 socos
1138 3969 1174 4026 55
1192 3975 1295 4026 uestrae

173 4058 274 4112 deferre
292 4064 357 4130 trop.
375 4059 403 4113 A
440 4100 444 4105 .
472 4058 585 4128 ipatium
608 4057 635 4111 V
696 4060 730 4113 29
749 4059 889 4114 destinetis
911 4058 1016 4112 litterae
1037 4057 1147 4117 atCod.²
1216 4060 1252 4114 30
1269 4061 1295 4112 et

173 4150 248 4214 (anic
256 4146 409 4215 patriarch.)
423 4161 509 4214 supro
523 4144 598 4199 linco
611 4145 639 4199 V
669 4146 701 4201 ³1
717 4145 844 4215 consequi
857 4145 936 4200 VV⁵2
949 4146 1025 4215 sequi
1036 4145 1131 4202 aoso.
1145 4145 1295 4202 Deasdcdit
