2904 4672
566 271 651 340 Epist.
669 270 806 332 LXXXIII
825 271 971 324 aee-305.
1265 274 1328 337 317

209 467 335 530 contra
378 463 607 546 praedIetam
657 463 834 544 synodum
885 463 1219 528 calchedonensom
1268 466 1328 528 uel

206 569 419 652 praesentia
449 571 510 632 uel
542 569 734 650 quaslibet
763 569 798 632 in
831 570 897 632 hae
930 587 1041 632 causa
1069 569 1148 632 siue
1177 587 1195 632 a
1221 559 1329 634 nobis

207 675 287 739 siue
320 693 338 737 a
370 674 667 756 quibuscumque
700 677 806 757 gesta
844 675 1033 756 scriptaue
1070 674 1326 750 inueniuntur,

205 800 269 864 pro
298 781 424 863 aliqua
451 780 665 864 susceperit
690 781 887 858 firmitate,
917 783 953 843 et
979 784 1108 844 saneta
1131 780 1328 845 Calchedo-

173 888 330 952 snensis
376 887 552 969 synodus,
599 888 705 951 cuius
750 905 879 970 magna
922 889 959 951 ,eit
1002 886 1226 950 inconeussa
1270 890 1328 952 est

204 993 381 1070 firmitas,
405 994 584 1075 perpetua
606 996 643 1058 at
664 991 888 1068 ueneranda,
921 992 1032 1056 sicut,
1052 990 1213 1055 Nicasna
1241 990 1327 1056 Con·

204 1098 542 1180 stantinopolitana
564 1103 675 1179 atque
699 1099 891 1180 Ephesena
913 1098 1030 1180 prima
1052 1097 1202 1174 habent,
1225 1116 1326 1162 suam

202 1207 329 1269 teneat
355 1203 585 1268 firmitatem.
612 1204 689 1267 item
716 1207 789 1285 post
811 1203 885 1267 alia:
910 1203 1265 1278 anathematizamus
1288 1206 1326 1267 et
1348 1191 1412 1255 302

203 1328 284 1373 eum
311 1327 470 1390 quoque,
495 1309 720 1390 quicumque
741 1311 904 1373 sanctam
927 1308 1127 1371 Nicaenam
1151 1307 1324 1374 Constan-

158 1435 185 1475 ιο
201 1415 490 1498 tinopolitanam
513 1415 740 1495 Ephesenam
763 1414 913 1496 primam
933 1415 970 1476 ot
989 1406 1323 1480 calchedonensem

201 1520 461 1585 sanctissimas
507 1519 666 1602 synodos
710 1519 745 1583 in
789 1538 860 1583 una
904 1521 942 1583 et
983 1519 1209 1584 inmaculata
1248 1520 1323 1584 fide

201 1626 387 1707 apostolis
411 1628 657 1691 consonantes
681 1626 717 1688 et
739 1625 781 1689 ab
805 1624 1035 1706 apostolicae
1059 1625 1160 1688 sedin
1177 1643 1324 1706 praesu·

199 1730 301 1794 libus
324 1731 518 1796 roboratas
542 1749 611 1795 non
631 1733 666 1794 et
683 1729 853 1793 fideliter
872 1729 1044 1812 sequitur
1063 1732 1098 1793 et
1117 1730 1324 1811 aequaliter

199 1840 402 1920 ueneratur
427 1836 488 1900 uel
516 1835 579 1917 qui
601 1854 654 1913 ea,
679 1854 770 1917 quae
792 1835 827 1898 in
849 1835 946 1917 ipsis
970 1835 1110 1899 sanetis
1135 1835 1321 1913 conciliis,

153 1961 179 2003 rs
199 1960 290 2023 quae
312 1940 476 2022 praefati
499 1959 639 2016 sumus,
659 1942 882 2023 gestarunt,
902 1940 986 2002 uult
1005 1943 1067 2003 aut
1086 1939 1192 2020 quasi
1210 1959 1321 2022 praue

198 2047 298 2111 dicta
321 2047 506 2130 corrigere
529 2048 593 2110 aut
619 2045 725 2109 uelut
745 2044 964 2126 imperfecta
988 2044 1170 2126 supplere.
1238 2063 1320 2123 eece,
1344 2037 1408 2102 303

196 2151 382 2217 uenerabilis
416 2153 595 2233 imperator,
632 2152 702 2215 Iuee
739 2152 852 2229 elarius
888 2151 1118 2215 demonstratur
1151 2151 1229 2214 hane
1265 2171 1320 2216 nos

195 2257 343 2322 habuisse
371 2276 494 2339 semper
514 2258 546 2321 in
571 2260 746 2321 sanctarum
771 2259 918 2340 quattuor
940 2255 1125 2338 synodorum
1149 2257 1322 2320 reuerentia

195 2364 401 2441 uoluntatem,
438 2366 475 2426 ut
510 2381 724 2444 quaecumque
760 2381 779 2426 a
814 2362 931 2427 sanctis
967 2361 1108 2443 patribus
1148 2361 1180 2424 in
1219 2361 1318 2426 isdem

150 2491 178 2531 οο
195 2468 434 2533 consedentibus
450 2467 576 2532 definita
589 2469 641 2532 uei
659 2470 776 2532 statuta
796 2468 863 2532 siue
881 2467 1019 2531 iudicata
1037 2470 1120 2545 sunt,
1138 2466 1320 2531 intemerata

192 2576 402 2653 permaneant.
429 2573 625 2637 manentibus
654 2591 726 2656 ergo
750 2573 904 2650 omnibus,
929 2591 1007 2654 quae
1031 2572 1068 2636 da
1092 2572 1224 2654 epistola
1245 2572 1317 2636 Ibae
1341 2567 1406 2632 304

192 2697 385 2760 personaque
417 2679 485 2768 eius
516 2679 549 2742 in
581 2681 758 2742 sanctorum
788 2680 912 2761 patrum
944 2681 976 2741 et
1010 2677 1093 2742 sodis
1130 2677 1319 2759 apostolicae

192 2783 380 2848 uicariorum
403 2784 695 2849 interlocutionibus
719 2784 924 2860 continentur,
947 2782 1027 2847 iilud
1047 2782 1138 2848 nobis
1162 2783 1318 2848 omnibus·

193 2907 253 2970 que
290 2889 454 2954 catholicis
491 2890 613 2972 aequali
648 2889 810 2954 uoluntate
847 2888 993 2965 suffieiat,
1031 2888 1113 2969 quod
1149 2888 1215 2952 iIIIc
1255 2889 1317 2953 sibi

147 3019 174 3059 οο
192 2996 300 3058 saneta
323 2995 460 3079 synodus
484 2994 626 3059 sufficere
649 3013 741 3076 posse
764 2993 913 3058 clamauit
934 2993 1316 3068 dicendoz'Nestorium

193 3103 231 3162 et
260 3099 340 3164 eius
369 3101 540 3184 dogmata
566 3100 670 3164 modo
699 3100 1002 3176 anathematizet,
1032 3119 1092 3180 quc
1121 3101 1315 3164 anathemate

191 3205 484 3271 nefandissimorum
505 3205 644 3279 Nestorii
666 3209 698 3270 et
719 3206 871 3288 Eutychis
895 3206 932 3269 ab
955 3205 1011 3270 Iba
1034 3205 1180 3288 episeopo
1200 3206 1314 3270 totiens

189 3308 300 3375 iterato
323 3312 422 3376 totius
446 3312 642 3376 satisfactum
666 3313 716 3375 est
737 3311 846 3393 synodi
869 3311 1034 3375 uoluntati.

232 3416 291 3480 His
312 3417 411 3500 igitur
433 3436 452 3481 a
473 3418 561 3482 nobis
585 3436 657 3482 cum
675 3417 759 3482 omni
777 3417 914 3500 undique
933 3418 1056 3480 cautela
1074 3421 1167 3499 atque
1185 3416 1314 3501 diligen·
1337 3413 1411 3482 305.

144 3542 173 3590 m
189 3521 234 3583 tia
250 3525 377 3605 propter
393 3523 578 3587 seruandam
596 3523 812 3587 inuiolabilem
831 3523 1035 3587 reuerentiam
1047 3541 1148 3605 supra
1161 3521 1312 3587 dictarum

276 3764 310 3817 25
330 3762 361 3817 ci.
380 3780 461 3833 supra
479 3781 505 3833 p.
525 3764 584 3828 302,
605 3763 618 3817 1
638 3780 679 3832 sq.

222 3885 478 3954 2pracsentiBar.
532 3887 696 3956 5synodum
721 3883 835 3950 V,corr.
855 3890 881 3940 ο1
943 3843 1138 3960 StenaaritV
1189 3889 1257 3942 9eu
1280 3888 1310 3951 V,

187 3988 287 4026 ωον.ο
347 3973 377 4027 11
397 3974 514 4043 synodus
537 3974 567 4039 V,
587 3991 688 4032 corno
749 3977 780 4030 16
799 3976 880 4030 uelud
902 3976 928 4029 V
996 3978 1100 4048 suplere
1123 3971 1154 4031 V'
1204 3977 1237 4032 19
1255 3976 1310 4030 his·

187 4059 247 4114 dem
270 4060 296 4113 V
328 4061 362 4114 22
381 4062 439 4117 eius
457 4063 541 4126 Bon:
561 4065 588 4116 ct
606 4062 711 4117 eiusV
748 4063 781 4118 27
800 4064 844 4135 ibe
867 4063 897 4130 V,
917 4080 1017 4119 corno
1057 4064 1092 4121 30
1110 4066 1261 4120 reuerentia
1279 4064 1310 4130 V,

188 4163 289 4205 corno
