2904 4672
204 213 247 276 42
357 209 506 265 Marcellini
522 211 551 264 ct
568 209 691 264 Faustini
710 207 743 264 de
762 211 929 265 confessione
948 227 1027 266 uerae
1047 210 1110 266 tidei
1128 212 1179 265 etc.

205 418 265 464 nou
287 399 391 464 minus
415 399 528 482 impiae
552 420 646 483 quam
674 404 722 466 est
749 400 831 465 Arrii
853 401 1008 485 impietas,
1032 406 1158 468 etcum
1182 405 1329 470 aduersus

206 522 238 568 se
260 504 357 568 libros
380 503 433 568 uel
456 504 604 587 epistolas
628 505 744 588 singuli
768 506 884 588 quique
913 507 1118 584 conscribant,
1142 512 1246 575 tamen
1275 511 1331 576 sibi

205 613 312 674 ornnes
336 612 388 675 uel
411 630 446 675 ex
470 611 587 676 directo
610 612 662 676 uel
686 631 721 676 ex
745 612 873 694 obliqua
895 615 1144 680 concatenatione
1164 617 1331 682 communi·

206 719 286 795 caut,
300 716 383 781 inani
402 716 506 782 studio
521 717 776 800 philosophorum
791 719 866 783 solis
882 720 1145 803 disputationibus
1163 721 1331 806 litigantes,

204 839 265 886 uon
289 821 383 887 etiam
405 825 442 888 ut
465 823 633 889 Christiani
656 843 691 888 ex
715 824 879 889 deuotione
904 825 1086 890 sacramenti
1104 827 1183 891 alter
1201 827 1332 892 alterum
1358 843 1369 883 ⁵

205 927 295 991 uelut
308 927 440 1009 impium
455 929 639 1007 deuitantes‚
659 935 695 993 ut
712 930 774 994 iam
793 930 876 994 sicut
893 930 925 994 in
944 931 1038 996 scolis
1057 932 1173 1016 ingenii
1190 932 1334 999 uideatur

205 1032 286 1096 inter
308 1051 361 1097 eos
384 1053 453 1098 esse
476 1036 640 1111 certamen,
665 1055 724 1100 non
748 1039 852 1100 autem
876 1042 963 1101 sacra
986 1037 1122 1102 defensio
1150 1057 1243 1102 uerae
1266 1039 1334 1103 reli·

207 1137 317 1221 gionis,
341 1139 591 1222 quandoquidem
619 1140 699 1205 inter
725 1160 758 1205 se
786 1144 1058 1207 sacramentaneus
1087 1146 1240 1226 separant,
1263 1163 1335 1209 cum

120 1250 182 1315 117
206 1243 311 1326 impiis
343 1245 504 1310 sententiis
537 1246 575 1310 ab
606 1247 741 1311 inuicem
773 1251 962 1330 separentur.
1038 1249 1097 1314 hoc
1129 1252 1235 1314 autem
1265 1249 1333 1314 ideo

206 1349 335 1428 faciunt,
368 1351 443 1433 quia
474 1351 601 1434 quidam
632 1372 739 1417 eorum
771 1353 887 1437 gloriae
920 1354 1082 1432 humanae,
1111 1354 1238 1436 quidam
1259 1374 1334 1420 uero
1351 1376 1374 1420 ro

207 1456 355 1522 auaritiae
389 1457 535 1532 student:
565 1462 597 1523 et
622 1458 693 1522 inde
725 1463 783 1536 est,
811 1459 895 1541 quod
918 1460 979 1524 sibi
999 1459 1135 1524 inuicem
1158 1461 1217 1525 sub
1239 1460 1337 1544 impia

207 1562 454 1628 dissimulatione
478 1564 658 1640 conludunt,
678 1567 714 1629 ut
732 1583 788 1629 nec
803 1564 1017 1646 possessiones
1039 1565 1169 1646 perdant
1186 1566 1335 1631 ecclesiae

206 1682 265 1732 nec·
285 1667 428 1733 honores.
451 1671 483 1734 et
504 1669 630 1748 interea,
653 1674 691 1735 ut
717 1674 765 1754 tot
793 1690 866 1735 suas
889 1672 995 1736 ueleut
1017 1672 1205 1754 impietates,
1230 1672 1269 1736 ad
1290 1671 1335 1736 in·

205 1771 360 1836 lusionem
406 1771 601 1856 singulorum
645 1774 746 1837 ueluti
786 1773 1026 1858 benignissimae
1066 1775 1181 1839 mentis
1221 1776 1336 1842 indicia

206 1878 413 1958 praeferentes
442 1877 530 1942 aiunt
555 1877 624 1942 ideo
653 1897 686 1942 se
714 1878 808 1942 etiam
835 1879 987 1943 cornaria
1010 1879 1216 1947 sentientibus
1239 1883 1336 1947 ecele-
1353 1905 1376 1946 a

207 1983 351 2048 siasticae
375 1983 602 2049 communionis
626 1984 781 2049 consortio
806 1984 954 2065 copulari,
982 2004 1020 2058 ne
1051 1987 1167 2051 bonum
1194 1987 1282 2069 pacis
1304 1988 1335 2051 in

207 2088 341 2154 eeclesia
361 2093 478 2172 pereat,
498 2090 588 2172 quasi
611 2109 685 2155 uero
704 2089 886 2155 huiusmodi
907 2110 965 2172 pax
984 2090 1108 2157 Christo
1128 2092 1185 2157 deo
1203 2093 1335 2175 placeat,

122 2198 185 2264 118
208 2215 287 2278 quae
318 2196 349 2259 iu
382 2195 450 2260 sius
483 2195 646 2260 ecclesiam
676 2198 779 2260 tantas
805 2195 916 2279 recipit
943 2195 1130 2279 impietates.
1199 2198 1256 2262 sed
1276 2198 1335 2265 hoc

209 2303 264 2386 qui
285 2303 332 2367 ita
348 2304 470 2384 putant,
490 2301 617 2367 audiant
636 2303 673 2366 de
692 2321 725 2366 se
745 2301 915 2384 scriptum:
939 2304 978 2367 et
1001 2302 1104 2366 uiam
1126 2303 1239 2385 pacis
1262 2324 1334 2370 non

208 2411 480 2492 agnouerunt;
505 2426 577 2472 non
602 2411 663 2471 ast
685 2407 804 2472 timer
827 2407 890 2471 dai
909 2410 1002 2471 ante
1026 2408 1168 2473 oculos
1192 2427 1334 2474 eorum.
1352 2436 1377 2476 ao

209 2515 264 2579 sed
291 2514 429 2596 apertius
457 2532 581 2595 quoque
610 2517 642 2577 et
669 2513 752 2595 apud
773 2512 963 2577 Hieremiam
985 2512 1122 2596 legimus
1145 2512 1182 2576 de
1206 2532 1242 2577 ea
1260 2533 1335 2596 pace

207 2620 305 2701 impia
336 2622 368 2683 et
397 2618 514 2700 iniqua,
548 2618 631 2683 sicut
662 2618 825 2701 exequitur
857 2618 1033 2683 subiectum
1060 2609 1335 2685 testimoniumza

195 2725 362 2809 pusillo
391 2744 523 2790 eorum
551 2743 678 2808 usque
702 2725 747 2789 ad
768 2744 948 2808 magnum
972 2725 1109 2789 cuncti
1136 2728 1335 2808 perpetra·

208 2836 354 2897 uerunt
383 2831 532 2913 iniqua,
565 2851 584 2896 a
616 2830 826 2896 sacerdote
858 2850 984 2912 usque
1017 2831 1063 2895 ad
1094 2832 1335 2913 pseudopro·

208 2938 366 3019 phetam
388 2937 572 3002 uniuersi
595 2936 749 3020 operati
776 2939 868 3001 suut
895 2936 1000 3001 falsa
1028 2939 1066 3000 et
1092 2937 1375 3007 meditabar-ar

208 3046 274 3108 tur
305 3042 567 3109 obtritionem
598 3041 740 3126 populi
771 3041 846 3106 mei
876 3060 945 3124 pro
978 3042 1106 3107 nihilo
1139 3043 1334 3108 constitu-

208 3151 319 3213 entes
356 3150 394 3213 et
430 3148 613 3214 dicentes
645 3151 735 3231 ‘pana
768 3149 878 3231 paxt',
912 3150 950 3212 et
982 3141 1050 3212 ubi
1082 3151 1143 3214 est
1173 3154 1270 3231 pax?
1304 3152 1335 3213 et

206 3248 427 3319 intendendum
456 3258 514 3332 est,
543 3273 637 3336 quam
665 3254 780 3318 atrocia
807 3253 844 3318 de
871 3254 936 3318 illis
959 3257 1176 3336 prosequatur,
1200 3255 1255 3337 qui
1277 3255 1333 3318 hac

295 3444 328 3500 19
345 3445 445 3500 Psalm.
466 3444 508 3510 13,
526 3444 543 3498 3
596 3445 631 3498 22
649 3445 766 3501 Hierem,
784 3445 810 3509 6,
831 3444 870 3512 13,
883 3461 922 3514 sq.

244 3567 359 3638 limpie
381 3567 441 3639 an
495 3567 562 3622 3ex
580 3573 646 3621 ante
662 3566 772 3638 obliqua
789 3583 840 3621 om.
860 3566 886 3619 V
954 3566 1064 3635 obliqua
1079 3585 1111 3620 nr:
1132 3565 1267 3636 obliquam
1287 3565 1333 3625 Va,

207 3657 256 3712 sub
275 3656 366 3726 aliqua
388 3655 417 3710 Y
471 3655 684 3710 coucatiuatione
702 3667 764 3725 naq,
782 3654 1029 3709 concatenationem
1053 3653 1080 3707 V
1125 3654 1276 3708 halterum
1295 3653 1333 3704 th:

206 3750 296 3801 utrum
319 3744 346 3798 V
430 3744 593 3814 tlseparaut
610 3760 636 3796 a:
656 3747 766 3814 sperant
787 3742 853 3806 Vna,
872 3743 977 3811 spirant
998 3743 1027 3797 Y
1112 3743 1333 3796 11111111111.

208 3834 314 3888 abasiae
333 3853 367 3886 rra
425 3831 591 3887 1111111Φ
649 3831 697 3886 sub
716 3847 766 3886 om.
785 3849 801 3881 a
842 3831 875 3884 12
894 3831 1021 3885 ecclesiae
1039 3848 1090 3886 om.
1109 3830 1134 3881 Φ
1181 3831 1214 3885 13
1229 3847 1291 3885 suos
1312 3831 1337 3882 l'

208 3923 300 3976 uelent
322 3936 355 3976 aa
377 3921 464 3974 uelint
486 3936 554 3975 corr.
578 3920 615 3974 V.-
636 3917 782 3974 111111111Φ
873 3920 907 3973 15
930 3918 1033 3973 addunt
1051 3918 1076 3969 Φ
1166 3918 1199 3971 19
1224 3919 1334 3972 audiant

208 3997 369 4080 descriptum
392 4008 418 4062 V
477 4006 680 4063 11111111)
742 4007 777 4062 23
796 4023 887 4062 eorum
910 4006 1175 4070 171111111111
1233 4005 1334 4061 1611-

206 4098 362 4167 11111111111,
381 4095 521 4150 obtritioni
539 4114 566 4160 rr,
586 4095 727 4150 obtricioni
750 4095 777 4150 V
826 4096 859 4149 27
880 4098 908 4149 et
927 4100 990 4149 ante
1008 4094 1054 4147 ubi
1073 4110 1123 4148 om.
1141 4114 1159 4146 rr
