2904 4672
629 229 715 299 epra.
734 229 801 284 me
820 261 853 271 -
873 230 956 286 rvr.
1293 200 1360 305 47¹³

209 421 316 485 utres
340 420 492 506 exigebat,
516 421 659 487 detulisti
682 427 714 487 et
737 442 861 489 omnem
880 425 977 491 situm
1000 427 1201 512 locorumque
1224 431 1337 497 faciem

209 526 360 591 sermonis
392 527 521 611 congrui
553 527 716 613 diligentia
746 535 869 594 nostrae
902 533 1079 598 serenitatis
1111 536 1239 601 auribus
1266 537 1336 602 inti·

207 631 312 696 masti.
343 633 563 698 instructiores
597 634 677 698 enim
716 654 773 701 nos
804 635 911 701 iubere
944 637 1059 718 decuit,
1093 659 1171 723 quae
1201 643 1337 708 iubenda

209 739 292 804 sunt.
317 757 412 821 quare
434 739 619 822 participato
649 741 787 806 examine
815 761 887 807 cum
913 745 1085 811 uenerabili
1108 748 1268 814 sacerdote
1290 749 1334 814 in·
1359 746 1378 808 2

176 843 391 928 etimatisque
419 845 565 911 omnibus
593 849 625 911 et
646 846 958 932 magnificentissimo
982 851 1082 916 ordini
1105 855 1137 918 et
1160 853 1335 920 Christiano

207 950 335 1033 populo,
358 970 437 1034 quae
458 950 616 1032 iubemus,
635 953 814 1019 sublimitas
831 958 887 1020 tua
904 975 970 1021 rem
988 956 1183 1042 diligentiore
1201 961 1336 1026 tractatu

209 1059 241 1121 et
261 1057 355 1139 plena
376 1076 479 1123 rerum
505 1057 699 1140 inspectione
727 1058 885 1125 discutiat.
911 1079 946 1125 ac
969 1059 997 1126 si
1018 1061 1174 1143 placuerit
1194 1065 1261 1128 tam
1282 1083 1335 1146 po·

207 1163 282 1245 pulo
306 1183 401 1246 quam
424 1163 546 1228 senatui
563 1163 624 1228 iter
641 1165 850 1247 uetue,quod
872 1165 1020 1231 basilicae
1043 1169 1191 1249 praeterit
1208 1168 1336 1234 dorsum

208 1268 354 1352 quodque
376 1269 461 1352 ripae
479 1269 616 1334 Tiberini
635 1270 735 1335 amnis
754 1271 882 1350 adiacet,
901 1271 1054 1352 innouari,
1072 1272 1118 1338 ita
1134 1278 1171 1339 ut
1188 1293 1335 1358 praesens

158 1397 186 1434 ιο
208 1374 261 1439 uia
292 1374 404 1457 spatiis
435 1375 535 1439 futuri
567 1375 670 1457 operis
702 1376 885 1459 applicetur,
909 1380 1037 1443 eatenus
1064 1397 1120 1461 per
1146 1380 1334 1446 architectos

207 1479 330 1545 futurae
359 1481 507 1546 basilicae
539 1481 653 1567 diriget
683 1482 825 1561 formam,
859 1485 1014 1565 quatenus
1048 1502 1081 1548 se
1112 1485 1259 1568 planities
1287 1504 1335 1551 ex·

208 1584 357 1652 tructioni
387 1586 488 1652 amica
518 1587 709 1671 praetulerit,
742 1606 779 1652 ne
810 1588 876 1652 ulla
902 1586 1110 1671 inaequalitas
1138 1590 1335 1672 splendorem

207 1693 341 1758 fabricae
368 1693 633 1777 amplificentioris
661 1694 805 1781 oblimet3
829 1693 984 1787 siquidem
1010 1695 1150 1760 inomni
1177 1696 1336 1762 moenium

207 1797 288 1864 facie
311 1798 403 1865 decor
425 1818 568 1866 summus
592 1802 650 1879 est,
679 1818 771 1883 quem
799 1791 917 1865 samari
940 1803 1081 1882 oportere
1103 1803 1204 1884 prima
1226 1802 1334 1867 statim

154 1922 187 1962 1⁵
208 1906 308 1971 fronte
326 1925 509 1990 magnarum
532 1905 783 1974 aedificationum
801 1905 996 1997 demonstrat
1011 1906 1153 1972 intentio.
1175 1906 1237 1972 iam
1255 1906 1335 1972 illud
1358 1908 1378 1970 3

207 2012 279 2095 ipsa
292 2030 342 2078 res
361 2012 466 2097 exigit,
482 2014 519 2077 ut
535 2015 567 2076 et
584 2012 729 2096 synopsis
749 2012 850 2095 operis
870 2011 1072 2086 construendi
1089 2012 1174 2078 fideli
1190 2012 1335 2078 tendatur

209 2117 347 2182 examine
379 2121 626 2201 sumptuumque
658 2118 797 2183 omnium
823 2116 910 2182 iuxta
935 2117 1035 2200 pretia
1060 2137 1173 2198 rerum,
1202 2119 1334 2202 quaein

209 2222 421 2288 sacratissima
433 2223 520 2302 urbe,
530 2225 719 2306 praetaxatio
732 2223 856 2305 plenius
870 2222 1029 2288 ordinetm·
1042 2228 1136 2309 atque
1146 2222 1185 2290 ad
1198 2226 1336 2289 nostram

209 2328 407 2394 clementiam
430 2328 537 2394 debita
558 2329 739 2394 maturitate
761 2329 931 2404 referatur;
958 2333 995 2393 ut
1018 2329 1175 2394 communi
1198 2330 1335 2395 omnium

153 2455 188 2496 ao
208 2435 338 2500 consilio
361 2437 485 2501 nostrae
504 2447 627 2518 quoque
650 2418 943 2527 serenitatisnutus
967 2434 1104 2515 accedat,
1127 2454 1189 2518 quo
1210 2435 1335 2501 facilius

208 2541 252 2619 id,
285 2541 368 2624 quod
399 2540 513 2611 deuota
540 2560 628 2607 mens
660 2541 780 2620 statuit,
808 2560 864 2624 pro
890 2543 996 2606 tantae
1022 2541 1184 2626 religionis
1215 2541 1335 2606 meritis

211 2647 389 2730 explicetur.
456 2667 495 2712 nr
517 2667 597 2712 aum-
615 2667 701 2712 nero
723 2666 897 2712 rmuorrrs:
921 2647 1078 2712 Diuinitas
1101 2650 1132 2712 te
1156 2650 1260 2712 seruet
1281 2665 1336 2730 per

210 2753 328 2818 multos
351 2772 458 2834 annos,
481 2772 591 2837 parens
613 2753 776 2818 karissime
798 2756 892 2835 atque
915 2752 1138 2818 amantissime.

159 3098 193 3138 25
372 3086 609 3134 ambulandum
631 3086 671 3131 Du
696 3084 906 3131 orornamenta
929 3085 1034 3130 Parnm
1058 3084 1173 3130 snucn.

255 3195 345 3259 Hauc
375 3192 502 3289 Piniano
534 3190 692 3256 carissime
714 3188 823 3270 nobis.
880 3189 1036 3272 Populum
1072 3187 1158 3253 urbis
1195 3190 1336 3255 aeternae

213 3299 347 3387 gaudere
375 3296 538 3363 eoncordia
567 3298 598 3361 et
625 3294 778 3378 optimum
807 3295 921 3380 eligere
948 3293 1139 3359 sacerdotem
1168 3297 1199 3359 et
1226 3294 1336 3378 populi

249 3492 262 3545 1
282 3507 325 3545 res
343 3504 371 3545 o:
389 3504 435 3543 rex
456 3487 482 3541 V
563 3487 669 3558 exigeat
690 3484 722 3551 V,
741 3483 832 3556 exigat
848 3500 873 3551 o,
892 3499 959 3540 corn
978 3482 1007 3539 o²
1077 3483 1094 3538 6
1113 3482 1281 3554 diligentiore
1304 3482 1335 3546 V,

212 3595 270 3634 aon
287 3577 492 3648 diligentiorem,
509 3579 542 3629 ut
559 3573 651 3642 adfert
666 3572 761 3643 Meyer
795 3571 812 3627 8
831 3589 883 3642 quo
903 3571 932 3636 V,
951 3586 1019 3629 corr,
1037 3570 1107 3626 Bar.
1143 3571 1160 3625 9
1177 3570 1295 3641 tyberini
1312 3569 1339 3625 V

214 3667 248 3722 10
271 3659 353 3738 spatii
379 3663 412 3729 V,
433 3677 505 3718 coer.
528 3661 686 3731 Petschenig
708 3659 794 3715 ‘Neue
812 3659 911 3728 pbilol.
933 3657 1114 3714 Rcodsebca'
1135 3659 1261 3728 18881η.
1283 3661 1335 3715 24:

214 3754 302 3826 spatio
324 3752 393 3826 Bor.
482 3749 516 3805 13
539 3749 753 3820 amplificentlori
774 3747 902 3802 sublimet
928 3745 959 3812 V,
982 3746 1087 3802 corrui
1173 3745 1291 3816 menium
1313 3746 1339 3800 V

215 3841 249 3897 16
267 3840 382 3910 sinopsis
400 3838 427 3894 V
476 3836 784 3909 pendaturPctacbcm'p
825 3836 869 3899 ,17
889 3850 956 3904 quae
977 3836 1071 3897 (eunt)
1089 3833 1185 3904 Meyer

248 3929 279 3984 4.
331 3927 453 3983 DatM
470 3925 552 3981 Febr.
572 3942 598 3980 a.
618 3927 684 3979 385.
772 3922 847 3978 Edd.
870 3921 940 3976 Bor.
958 3921 998 3976 cd
1015 3937 1039 3977 a.
1061 3924 1127 3989 aad,
1153 3925 1185 3990 6;
1204 3920 1338 3976 Constant

214 4015 506 4086 Epp.Poat.1639,·
526 4013 702 4069 Collectionee
722 4011 918 4078 Conditorem,-
942 4009 1052 4065 Hocacl
1076 4008 1154 4079 Oorp.
1178 4008 1242 4079 Lep.
1266 4011 1336 4064 230.

213 4106 335 4162 aternu
352 4103 385 4169 V,
402 4118 470 4158 corr.
488 4101 583 4172 Meyer
634 4099 668 4154 26
685 4099 754 4154 habe
777 4098 804 4153 V
