2904 4672
520 243 605 313 apat.
624 243 740 299 rnrvrrr
758 246 776 309 2
792 277 826 285 -
844 245 931 300 xxrx
949 249 973 302 c.
1271 225 1313 314 75
1396 270 1399 277 ·

188 439 390 521 praeceptum
418 442 488 503 ante
515 439 639 522 penitus
662 441 813 524 ignoraui,
838 440 962 507 domine
985 459 1107 524 semper
1126 441 1259 506 illustris
1283 443 1316 505 et
1349 475 1353 483 ·

188 547 303 608 cuncta
338 544 503 628 magnifice
537 546 712 629 meritoque
744 546 889 611 sublimis
920 544 955 611 ac
984 548 1143 630 praecelse
1174 549 1313 629 patrono.

188 651 272 733 quod
304 669 376 716 cum
406 652 485 716 mihi
514 657 587 736 post
622 655 722 719 sancti
757 654 873 718 llnlalii
907 650 1099 720 innotuisset
1124 655 1312 741 aduentum,

187 756 296 820 statim
314 757 483 841 parendum
502 759 839 825 credidiinuictissimi
860 759 1009 844 principis
1031 760 1203 844 imperatis.
1262 779 1314 837 ue·
1337 763 1357 826 3

154 881 258 927 crum
285 881 357 929 cum
383 864 547 930 interiecto
576 866 626 930 die
653 867 762 931 urbem
793 870 920 932 sanctus
951 867 1114 932 Achilleus
1146 867 1313 950 episcopus

184 972 273 1033 esset
289 972 461 1053 ingressus,
482 972 653 1053 commotio
677 972 781 1037 ert'tit
801 973 999 1056 populorum,
1022 958 1060 1037 nt
1081 973 1120 1037 ab
1144 991 1205 1037 nna
1227 975 1314 1055 parte

184 1074 357 1139 multitudo
382 1079 501 1140 armata
523 1077 601 1143 ferro
626 1081 658 1143 et
679 1079 752 1142 telis
776 1067 939 1144 adfurum
960 1079 1090 1143 militari
1111 1067 1222 1150 habitu
1245 1096 1315 1142 con-

184 1180 320 1245 ueniret
337 1186 368 1246 et
387 1201 459 1247 cum
483 1184 664 1249 conuocatis
687 1185 867 1266 proceribus
891 1185 1126 1267 processissem,
1148 1186 1186 1248 ut
1206 1183 1313 1248 habito
1394 1226 1396 1230 ι

183 1288 322 1352 tractatu
350 1307 404 1370 pro
433 1289 538 1371 quiete
566 1290 653 1354 urbis
679 1292 830 1373 populum
859 1289 1046 1373 alloquendo
1073 1308 1313 1373 compescerem,

140 1418 166 1458 ro
184 1392 284 1474 primo
313 1393 405 1476 pauci
434 1395 472 1458 ad
500 1397 691 1460 conuentum
713 1399 876 1473 nonerunt,
901 1391 982 1475 dein,
1006 1404 1078 1460 oum
1101 1396 1315 1476 expectaretur

184 1498 284 1562 sancti
319 1499 454 1565 Achillei
490 1501 629 1584 episcopi
664 1503 849 1584 praesentia,
883 1503 920 1566 ut
957 1520 1035 1583 qnae
1070 1501 1158 1566 iussa
1190 1501 1343 1571 ruerant,

183 1604 367 1689 publicaret,
391 1607 595 1672 multitudine
617 1608 783 1672 resistente
805 1607 912 1672 uenire
935 1625 995 1672 non
1019 1607 1134 1690 potuit.
1193 1609 1225 1672 et
1243 1626 1320 1672 cum⁴
1344 1614 1365 1676 4

184 1709 224 1774 ad
249 1711 351 1775 forum
379 1713 565 1795 Uespasiani
591 1717 656 1778 tam
685 1733 742 1801 ego
771 1733 863 1796 qnam
892 1714 941 1778 uir
967 1713 1148 1795 spectabilis
1176 1713 1313 1777 uicarins

181 1822 390 1900 pemrguente
421 1821 539 1901 populo
571 1820 742 1884 fuissemus
776 1819 903 1904 egressi,
927 1822 963 1883 ut
985 1819 1125 1902 quietem
1148 1817 1313 1900 utriusque

137 1949 163 1990 rs
181 1922 279 2003 partis
307 1924 508 2004 ,multitudini
541 1926 753 2004 suaderemus,
787 1925 892 1990 subito
925 1925 1035 1989 armati
1066 1925 1151 1989 serni
1182 1924 1254 1988 telis
1283 1927 1314 1988 et

182 2028 275 2104 saxis,
304 2029 456 2111 aliquanti
484 2031 578 2096 ctiam
605 2032 696 2110 ferro,
723 2031 876 2115 populum
904 2030 1001 2113 partis
1027 2030 1144 2095 Eulalii
1171 2030 1311 2115 aggressi

181 2138 266 2213 sunt,
295 2137 348 2220 qni
375 2137 508 2202 inermes
537 2141 754 2217 conuenerant,
782 2144 820 2202 ut
846 2136 922 2219 quid
944 2135 1146 2218 praeceptum
1179 2136 1216 2200 de
1250 2136 1312 2219 epi-

182 2262 277 2325 scopo
302 2240 464 2326 spolitano
489 2246 573 2308 esset
595 2245 808 2328 agnoscerent,
842 2261 983 2325 quosque
1014 2243 1059 2306 ita
1091 2242 1314 2307 saueiauerunt

183 2350 235 2430 qui
268 2350 367 2431 parati
400 2349 551 2424 aduersus
582 2350 752 2432 imparatos
784 2352 942 2425 uenerant,
979 2353 1016 2411 ut
1045 2367 1095 2411 me
1128 2366 1251 2430 quoque
1284 2349 1357 2420 et5

137 2482 164 2522 rc
182 2456 286 2519 uirum
315 2455 518 2536 spectabilem
545 2455 697 2520 uicarium
726 2455 888 2520 crederent
910 2453 1110 2537 appetendos,
1135 2453 1207 2516 dum
1232 2452 1313 2516 sedi-

181 2563 263 2627 tioso
292 2563 395 2626 furore
422 2563 541 2626 nullam
565 2561 735 2627 admittunt
756 2562 881 2646 penitus
904 2561 1067 2625 rationem.
1091 2559 1151 2623 nisi
1175 2559 1214 2622 ad
1235 2558 1311 2622 libe-

181 2668 294 2732 randos
313 2687 369 2733 nos
389 2668 539 2733 diuinitas
559 2668 685 2733 affuiset
702 2667 882 2751 egressique
899 2686 955 2749 per
973 2665 1171 2731 secretiorem
1189 2666 1308 2746 partem

181 2774 280 2837 ictum
300 2793 443 2839 saxorum
463 2776 495 2838 et
511 2775 665 2857 impetum
683 2773 876 2856 conspiratae
895 2771 1107 2837 multitudinis
1125 2770 1307 2848 uitaremns,

182 2881 309 2944 minime
344 2881 556 2962 potuissemus
592 2881 733 2945 euadere.
770 2899 901 2962 qnorum
938 2879 1087 2943 maiorem
1120 2879 1243 2960 partem·
1275 2877 1306 2939 in

141 2986 284 3052 sasernis
313 2989 435 3051 constat
461 2988 570 3065 fuisse,
601 3007 636 3051 cn
663 2986 776 3070 quibus
804 2985 955 3069 aliquanti
983 2984 1081 3069 agniti
1108 2987 1201 3065 atque
1228 2982 1308 3047 tenti

183 3096 258 3158 sunt
284 3093 440 3157 audiendi.
469 3093 560 3171 unde,
590 3093 672 3174 quod
695 3091 831 3175 partium
853 3110 992 3155 mearum
1015 3090 1086 3167 luit,
1110 3089 1310 3154 excellentiae
1334 3098 1354 3160 6

182 3202 306 3263 uestrae
334 3217 499 3283 suggerere
526 3199 701 3282 properaui,
729 3201 766 3261 nt
789 3201 908 3272 certum
931 3197 1025 3260 finem
1047 3195 1152 3272 robur,
1176 3194 1311 3277 cognitis

184 3323 263 3388 quae
296 3306 385 3388 gesta
417 3307 499 3382 sunt,
531 3305 712 3389 magnitudo
745 3308 850 3369 uestra
882 3303 1037 3368 decernat.
1072 3321 1143 3366 cum
1171 3301 1253 3365 enim
1282 3304 1313 3365 et

184 3413 310 3476 sanctus
340 3411 482 3475 Eulalius
510 3411 624 3475 fuisset
646 3412 806 3497 ingressus
835 3413 866 3475 et
887 3409 982 3474 tertia
1004 3408 1053 3472 die
1077 3410 1205 3472 secutus
1230 3412 1315 3471 esset

142 3537 167 3581 ao
186 3517 351 3600 episeopus
375 3516 547 3599 Spolitinns
571 3536 628 3581 nec
651 3519 755 3601 aliqua
778 3517 816 3582 ad
839 3536 888 3581 me
912 3516 985 3579 data
1011 3515 1166 3579 uirtutum
1193 3515 1313 3576 uestra-

220 3781 235 3834 5
254 3779 397 3834 interdicto
416 3768 447 3842 V,
467 3795 535 3834 corr.
552 3779 710 3848 Petscheniq
728 3779 775 3846 (cs.
789 3795 820 3846 p.
838 3779 884 3840 75,
898 3779 937 3830 29
950 3782 976 3830 ct
986 3792 1014 3844 p.
1031 3775 1124 3842 81,’8)
1178 3773 1195 3826 8
1215 3786 1312 3824 conuo-

185 3871 259 3922 catus
279 3869 309 3932 V,
325 3884 390 3923 corr.
411 3867 437 3919 ο2
507 3868 699 3938 processissent
712 3866 744 3930 V,
759 3881 826 3920 corr.
851 3863 878 3916 0²
913 3863 1142 3934 ticompesceront
1157 3861 1188 3925 V,
1202 3873 1270 3914 corr.
1287 3857 1314 3908 ο2

178 3957 219 4009 ’14
232 3957 346 4026 ingressi
356 3957 425 4010 Bor.
481 3958 513 4011 16
527 3957 640 4026 populos
654 3956 737 4010 Iurat.
791 3957 823 4009 21
840 3954 942 4008 nullum
956 3952 988 4016 V,
1004 3967 1100 4007 corno
1147 3950 1206 4011 <et>
1217 3947 1270 4001 nisi
1287 3946 1313 4000 ο2

185 4044 278 4115 Meyer·
365 4047 399 4100 23
427 4046 593 4115 conspiratae
620 4044 791 4114 Petschenig:
818 4043 987 4113 conspirante
1019 4040 1051 4103 V,
1082 4035 1259 4106 conspirantis
1286 4032 1314 4086 ο2

185 4134 343 4187 uitassenrus
362 4134 456 4203 Meyer
