2904 4672
162 269 227 334 342
481 263 619 331 agapetus
636 277 706 332 papa
723 259 873 314 Iustiniano
891 260 962 329 nug.

162 455 238 520 tatis
266 454 447 538 episcopum
475 454 655 519 damnatum
680 453 712 517 in
745 454 854 518 sancta
885 453 1002 537 synodo
1035 450 1286 529 Calchedonensi,

162 579 257 646 qnam
289 562 514 643 amplectentes
547 560 717 642 sequimur,
749 560 798 624 his
831 559 1054 643 coniungentes
1090 559 1287 624 Timotheum

160 667 346 751 parricidam
380 667 534 733 Heluium
572 667 826 750 cognominatum
862 665 993 746 eiusque
1029 666 1222 749 discipulum
1260 669 1289 730 et

163 792 330 857 sequacem
351 774 383 837 in
407 773 551 838 omnibus
573 773 704 837 Petmm
725 771 966 836 Alexandrinum
986 773 1132 837 similiter
1149 772 1289 838 condem·

120 891 139 955 5
162 862 282 945 nantes.
359 898 540 945 auersamur
557 881 661 954 antem
682 881 714 943 et
731 878 881 943 Acacium
900 877 1056 960 quondam
1075 877 1290 945 Constantino·
1311 897 1322 937 ι

162 983 319 1068 politanae
346 985 434 1050 urbis
462 985 643 1067 episcopum
671 985 901 1049 cohaereticum
928 987 960 1049 et
986 1003 1154 1068 sequacem
1181 986 1289 1051 horum

164 1095 282 1162 lactum
314 1110 371 1157 neo
404 1110 465 1156 non
497 1093 529 1155 et
559 1093 793 1173 perseuerantes
819 1091 852 1155 in
880 1109 988 1157 eornm
1015 1092 1235 1158 communione
1261 1095 1290 1158 et

162 1197 408 1281 participatione.
437 1216 569 1278 quorum
597 1196 678 1261 enim
707 1196 777 1279 quis
805 1197 1056 1262 communionem
1081 1198 1290 1280 amplectitur,

164 1323 271 1369 eornm
298 1306 330 1367 et
357 1303 492 1368 similem
521 1303 707 1368 sententiam
734 1303 766 1366 in
794 1302 1048 1369 condemnatione
1080 1305 1289 1388 consequitur

165 1410 260 1474 simili
296 1410 388 1476 modo
426 1413 459 1474 et
497 1409 626 1475 Petrum
666 1409 895 1474 Antiochenam
936 1410 1181 1476 condemnamus
1222 1431 1289 1478 cunr
1304 1427 1324 1466 u

120 1531 140 1593 6
165 1517 351 1599 sequacibus
375 1517 441 1582 suis
467 1519 523 1590 <et
540 1516 709 1594 omnibus>
728 1535 822 1598 snpra
839 1514 975 1598 seriptis.
994 1520 1193 1601 quapropter,
1213 1519 1291 1584 siout

162 1621 294 1705 praelati
317 1641 439 1702 sumus,
458 1624 623 1704 sequentes
641 1622 673 1685 in
692 1621 836 1686 omnibus
854 1620 962 1686 sedem
979 1615 1197 1705 apostolicam,
1216 1644 1290 1707 qnae

122 1727 203 1804 7ab
240 1747 276 1792 ea
311 1731 431 1793 statuta
464 1732 548 1805 sunt,
579 1726 827 1814 praedicamus.¹
871 1745 911 1791 nr
942 1745 1019 1792 anm
1048 1748 1151 1793 mnu:
1184 1730 1289 1796 Menas

163 1834 377 1899 misericordia
407 1835 456 1899 dei
488 1831 652 1918 presbyter
682 1836 715 1899 et
744 1834 920 1899 xenodoous
952 1835 1090 1919 suscipio
1118 1836 1290 1918 praedictas

165 1944 254 2005 sanct
255 1959 289 2005 as
313 1944 463 2022 quattuor
485 1941 619 2024 synodos
643 1943 675 2005 et
698 1940 812 2017 omnia,
831 1959 917 2057 quaa
936 1940 968 2005 in
985 1941 1065 2024 ipsis
1083 1943 1325 2022 concinerunt

166 2047 313 2131 dogmata
340 2050 373 2110 et
394 2046 544 2128 epistolas
566 2064 664 2129 papae
686 2046 811 2125 Leonis,
830 2065 912 2128 quas
934 2066 990 2130 pro
1012 2046 1073 2111 fide
1096 2048 1291 2156 consqripsit,

167 2155 198 2218 et
221 2152 369 2217 confiteor
390 2152 422 2217 in
445 2152 644 2217 duabust
591 2171 629 2216 na
629 2152 720 2230 turis,
743 2152 776 2216 id
799 2153 878 2218 est
869 2172 902 2216 ιιι
920 2152 1085 2218 diuinitate
1104 2156 1136 2218 et
1153 2154 1291 2219 humani-

180 2258 370 2336 ateChrist
371 2278 424 2323 um
447 2258 540 2324 deum
563 2260 705 2324 nostrum
727 2258 889 2324 inconfuse
906 2257 1041 2323 indiuise
1061 2259 1291 2343 agnoscendum

161 2367 198 2434 et
224 2365 490 2429 anathematizans
519 2384 636 2443 omnes,
665 2363 719 2447 qui
747 2367 836 2487 praet
837 2383 869 2429 er
896 2362 933 2428 e'a
960 2364 1094 2448 sapiunt,
1127 2384 1191 2429 una
1223 2384 1290 2430 oum

167 2471 322 2549 omnibus,
350 2471 404 2552 qui
432 2471 626 2536 condemnati
654 2475 737 2550 sunt,
765 2431 816 2536 ut
829 2466 972 2553 superins
996 2470 1116 2536 dictum
1140 2475 1199 2538 est
1224 2471 1292 2536 sub-
1305 2481 1327 2522 ιι

167 2576 287 2659 scripsi

688 2767 773 2850 (el.)

142 2900 145 2904 ⁴
209 2909 364 2955 acnrrrns
383 2910 549 2956 sarecenos
567 2909 747 2956 meorumue
766 2909 918 2955 nuensro.
978 2889 1190 2970 Gratulamur,
1205 2909 1291 2956 uene·

166 2997 275 3062 rabilis
301 2997 477 3080 imperator,
507 2998 590 3081 quod
616 3000 703 3062 tanto
732 2997 903 3062 catholicae
930 2995 1004 3061 fidei
1030 2995 1139 3061 ardore
1170 3015 1291 3061 auooen·
1331 3054 1333 3061 .

166 3107 262 3184 deris,
293 3109 330 3170 ut
361 3105 504 3169 omnibus
536 3104 698 3186 piissimae
729 3103 814 3196 qitae
842 3104 963 3167 nestrae
990 3102 1185 3185 temporibus
1213 3102 1326 3185 pianr

166 3212 413 3279 sollicitudinem
458 3211 540 3276 cirea
585 3211 768 3275 seruandam
814 3208 1048 3294 augendamque
1093 3209 1292 3274 eeclesiarum

64 3336 74 3342 ·
167 3319 364 3385 concordiam
396 3319 565 3383 clementer
594 3317 742 3415 adhibeas
775 3318 807 3381 et
837 3334 932 3380 arnam
963 3314 1056 3379 fidem
1090 3309 1212 3398 suaque
1243 3334 1292 3399 per

203 3546 220 3597 2
239 3543 437 3614 amplectendas
460 3542 503 3612 V,
521 3543 551 3595 11
574 3544 601 3595 et
619 3540 741 3594 omnibus
760 3557 792 3594 ex
806 3556 844 3610 cp.
860 3541 900 3593 89
910 3538 931 3610 ,d
946 3541 964 3592 5
979 3539 1042 3593 add.
1054 3539 1140 3593 Pitro
1177 3542 1212 3595 14
1224 3555 1290 3610 pres·

169 3631 246 3702 byter
264 3632 429 3686 exenodoous
452 3629 483 3694 V,
507 3645 607 3684 corma
633 3631 672 3697 (et
693 3628 871 3682 Xenodochus
893 3627 956 3686 Vct.
977 3629 1067 3694 4903)
1124 3630 1157 3683 16
1175 3644 1245 3699 papa
1264 3626 1290 3691 V,

167 3737 238 3775 corr.
258 3741 271 3774 o
327 3721 360 3775 18
373 3722 431 3781 <et>
443 3719 559 3773 indiuise
577 3718 646 3772 Bar.

204 3809 252 3865 ol.
287 3810 356 3864 Dat.
377 3809 421 3863 die
438 3813 474 3877 18
491 3808 581 3863 Mart
599 3824 624 3864 a.
640 3810 715 3862 ,ses
768 3806 833 3860 Hae
849 3805 965 3875 Apapiti
983 3806 1088 3860 littmae
1104 3807 1166 3860 sinc
1184 3805 1290 3871 duabus,

169 3915 239 3967 quac
255 3899 433 3965 bic'a'oae'rtoe
450 3903 515 3951 eunt
528 3895 683 3950 [cainiani
696 3895 827 3964 epistulis,
840 3895 901 3962 fere
914 3900 987 3948 totae
1000 3899 1096 3948 extant
1109 3895 1193 3949 ellam
1205 3912 1232 3948 a.
1246 3895 1291 3959 ea·

169 3987 218 4040 ubi
235 4004 304 4056 quae
321 3988 420 4042 rectius
438 4003 520 4055 quam
537 3985 581 4039 bic
599 3985 732 4054 teporatur,
750 3984 794 4038 lra'e
811 3983 960 4038 subnotant
982 3983 1123 4052 adempto
1141 3983 1238 4038 littero
1254 3981 1289 4036 u».

169 4075 243 4129 Eds,
265 4066 327 4130 Car}
345 4073 376 4128 1²
395 4077 453 4128 592
470 4080 495 4128 ct
515 4073 623 4127 Oolleet.
644 4072 745 4126 Goaeil.
834 4072 869 4125 23
886 4070 1047 4125 uenerabilis
1070 4070 1117 4126 1⁷⁸:
1136 4068 1290 4126 uenerabili·

170 4162 219 4216 bus
242 4162 269 4222 V
318 4163 353 4217 24
371 4161 539 4216 succenderis
561 4160 607 4214 V·:
626 4159 787 4215 succendens
809 4159 836 4213 V
