2904 4672
178 251 244 314 238
446 245 541 316 Uigilii
560 247 736 299 constitutum
755 245 788 299 da
807 245 893 300 tribus
912 247 1037 316 capitulis

174 443 230 500 <loo
254 443 283 498 ot
301 437 553 497 consubstantialis
576 438 661 511 patri,
679 438 705 497 oi
724 438 847 512 polidam,
873 439 922 512 qui
946 456 979 499 ox
1000 439 1112 513 uirgine
1131 444 1219 502 natus
1244 447 1307 504 arat

177 531 203 601 (o
222 528 379 601 stimulet)
402 530 430 585 ot
453 527 502 600 qui
524 544 576 600 por
598 527 727 600 spiritum
752 530 882 586 sanctum
902 529 1058 586 saoundum
1077 529 1191 591 diuinas
1211 532 1305 609 serip-

174 621 256 676 turas
293 617 451 690 plasmatus
484 618 529 673 ast
560 617 589 673 et
616 615 813 674 confictionem
840 615 869 673 in
897 617 1029 675 muliebri
1056 618 1170 693 acoapit
1191 624 1304 693 neutra,

177 707 271 764 inerat
291 705 420 775 forsitan,
446 704 608 777 quianon,
634 722 717 778 quam
740 704 899 779 plasmatus
923 707 975 776 θεῖ,
1000 708 1029 764 θῖ
1050 709 1083 764 ut
1099 708 1240 782 templum
1258 711 1306 769 dai
1359 705 1362 711 ’

178 796 255 853 θεεθῖ
277 793 404 872 aooapit:
429 809 486 852 non
509 795 604 850 tauron
628 792 847 851 existimandum
870 793 953 852 nobis
972 796 1016 853 ost
1034 794 1116 852 deum
1136 797 1171 855 do
1189 798 1304 872 uirgine
1333 817 1345 858 o

177 886 277 942 natum
300 899 373 952 θεεθ,
396 881 454 940 nisi
476 881 551 940 forto
569 881 644 939 idam
664 881 880 941 existimandum
899 882 982 942 nobis
1001 887 1045 941 ost
1063 886 1091 942 θῖ
1109 887 1185 958 quod
1204 889 1305 946 natum

178 975 223 1030 ast
246 974 274 1030 ot
297 970 373 1044 quod
397 974 442 1029 θεῖ
462 969 492 1027 in
516 972 583 1028 nato
607 970 744 1042 templum
768 973 796 1028 at
819 971 867 1045 qui
890 972 919 1029 in
942 971 1048 1045 templo
1073 974 1117 1030 θεῖ
1135 974 1220 1033 doum
1238 993 1304 1034 uor-

176 1062 260 1130 bum;
289 1077 347 1118 uon
374 1061 469 1117 tamen
497 1075 550 1116 noo
577 1045 733 1117 secundum
760 1061 837 1117 tuam
864 1076 962 1118 uocem
988 1061 1232 1133 pronuntiandum
1259 1067 1306 1122 θεῖ

177 1150 291 1208 omnino
322 1166 355 1205 ox
381 1147 494 1221 uirgine
522 1149 621 1206 natum
649 1148 731 1206 doum
757 1165 819 1206 asso
844 1151 872 1206 at
894 1166 927 1206 ax
950 1148 1004 1207 <leo
1027 1151 1304 1211 consubstantialem

120 1237 163 1300 31
176 1237 260 1312 patri.
328 1254 394 1294 nam
417 1237 442 1294 si
464 1251 523 1293 non
545 1236 628 1295 horno
653 1237 706 1306 θεῖ,
730 1236 804 1303 siout
826 1236 908 1306 diois,
932 1236 1123 1311 adsumptuss
1144 1239 1191 1313 qui
1217 1243 1303 1299 natus
1322 1259 1344 1298 ro

177 1328 222 1385 ast
249 1344 281 1385 ar
304 1316 425 1398 uirgine,
451 1325 610 1383 dousnoro
639 1324 822 1383 incarnatus:
857 1325 1013 1399 quomodo,
1042 1327 1091 1400 qui
1128 1330 1215 1388 natus
1248 1331 1301 1400 θεῖ,

178 1416 247 1475 daus
271 1433 304 1472 ax
327 1415 379 1472 deo
403 1415 432 1471 θῖ
454 1413 708 1472 consubstantialis
732 1413 873 1472 dicaretur
894 1413 970 1488 patri
994 1431 1079 1474 carna
1102 1432 1160 1474 non
1182 1419 1302 1490 potants

73 1558 77 1563 .
177 1505 251 1562 hano
273 1519 371 1560 nocam
395 1501 561 1576 suscipata?
583 1519 648 1559 nam
673 1503 718 1559 ast
740 1501 853 1575 quidam
874 1503 1016 1560 domantia
1034 1504 1170 1563 daum'ax
1188 1505 1302 1580 uirgine

160 1593 275 1652 'natum
298 1608 360 1648 θεεθ
384 1590 493 1660 dicor03
517 1591 571 1649 hoo
595 1591 670 1648 onim
693 1590 765 1647 nihil
788 1590 866 1648 aliud
889 1593 933 1649 ast
952 1608 1036 1665 quam
1056 1593 1217 1651 arsemina
1237 1611 1301 1653 oum
1327 1625 1328 1628 ¹

177 1680 270 1739 dicore
293 1679 387 1738 Dauid
411 1678 446 1736 (lo
469 1678 630 1738 substantia
652 1678 773 1752 uirginis
796 1679 923 1753 genitum
943 1682 971 1738 θῖ
988 1679 1017 1737 in
1036 1680 1100 1754 ipsa
1117 1681 1300 1755 plasmatum.
1319 1701 1342 1743 ro

177 1769 245 1843 quia
267 1768 342 1844 quod
358 1785 399 1825 ox
422 1767 529 1825 somine
552 1767 646 1826 Dauid
670 1771 699 1825 θῖ
722 1769 756 1826 do
780 1767 943 1826 substantia
964 1768 1085 1844 uirginis
1108 1773 1161 1840 θεῖ,
1184 1771 1217 1829 in
1240 1789 1300 1830 ma-

176 1862 256 1917 torino
283 1859 383 1916 uentre
413 1856 542 1915 constitit
569 1858 598 1914 θῖ
626 1856 718 1915 saneti
741 1855 859 1931 spiritus
881 1858 1052 1930 plasmatum
1074 1858 1180 1918 uirtute
1203 1864 1302 1919 natum

121 1944 166 2008 32
176 1946 264 2006 fuisso
297 1945 417 2004 dicimus
436 1946 483 2004 ·do
515 1944 635 2018 uirgine.
702 1947 735 2002 ut
766 1947 860 2005 autam
887 1944 991 2020 aliquis
1019 1964 1052 2004 ax
1077 1946 1132 2006 hoo
1163 1950 1303 2009 concodat

177 2035 272 2094 diuers
299 2033 379 2109 ipsis,
408 2034 484 2108 quod
508 2033 579 2092 dous
603 2037 631 2091 ot
653 2051 686 2092 ax
709 2034 762 2092 (leo
786 2037 815 2092 θῖ
837 2034 1089 2093 oonsubstantialis
1116 2036 1193 2109 patri
1217 2041 1302 2098 natus

177 2127 222 2182 ost
245 2142 279 2182 ex
300 2123 422 2197 uirgine,
447 2139 479 2180 ao
503 2123 580 2196 quod
603 2123 647 2180 θεῖ
668 2122 699 2180 in
721 2123 827 2196 templo
846 2125 931 2182 nato:
951 2124 1002 2182 sed
1020 2139 1077 2183 non
1094 2141 1147 2198 par
1164 2141 1195 2183 εθ
1214 2128 1301 2185 natus
1318 2143 1341 2182 ao

177 2215 221 2272 θεῖ
243 2213 313 2270 dous
335 2212 462 2282 uerbum,
486 2210 651 2269 incarnatus
673 2228 749 2281 uero,
773 2211 848 2270 siout
866 2211 937 2270 dicit
953 2212 1007 2271 ista
1024 2211 1149 2285 sapiens.
1168 2213 1194 2272 si
1212 2215 1302 2288 igitur

176 2318 240 2360 oum
267 2317 352 2358 sarno
383 2316 446 2359 aum
472 2302 570 2357 natum
599 2315 661 2358 θεεθ
685 2299 793 2369 (linunt,
817 2301 892 2373 quod
915 2301 1009 2359 autom
1030 2302 1129 2359 natum
1152 2304 1205 2372 θεῖ,
1231 2303 1301 2362 dous

176 2390 285 2448 audeo
314 2391 343 2446 st
371 2387 623 2447 consubstantialis
649 2387 725 2461 patri
753 2391 805 2458 θεῖ,
830 2405 958 2447 ηθθθεεθ·
975 2391 1019 2448 θεῖ
1044 2389 1099 2448 hoo
1127 2392 1157 2447 θῖ
1184 2407 1301 2450 tarnem
1369 2443 1373 2449 a

119 2476 279 2547 traiicere,
307 2478 394 2551 quod,
419 2476 444 2535 si
470 2492 529 2535 non
556 2476 585 2534 id
615 2493 680 2535 caro
709 2479 761 2547 θεῖ,
786 2476 920 2550 quoniam
943 2494 996 2535 neo
1020 2478 1089 2536 dous
1112 2495 1166 2537 nat
1189 2495 1224 2537 ox
1247 2480 1300 2540 dao

174 2583 228 2624 neo
251 2564 504 2625 consubstantialis
526 2563 602 2639 patri
625 2565 676 2624 sad
700 2583 733 2623 ax
755 2565 863 2623 samius
885 2565 980 2623 Dauid
998 2568 1027 2624 θῖ
1044 2566 1300 2628 consubstantialis
1316 2583 1341 2624 ao
1372 2611 1374 2616 .

124 2703 127 2708 .
176 2655 211 2725 θί,
240 2653 320 2712 ouius
348 2671 443 2712 seman
467 2656 520 2725 ost,
544 2670 603 2713 nou
625 2653 664 2723 id,
689 2654 764 2727 quod
786 2656 885 2711 natum
908 2654 953 2712 θεῖ
975 2671 1008 2712 ax
1030 2653 1151 2728 uirgine,
1177 2655 1248 2714 daus
1271 2659 1300 2715 at

175 2761 208 2801 ax
235 2742 287 2801 dao
316 2746 344 2801 θῖ
370 2742 625 2802 consubstantialis
652 2741 727 2816 patri
756 2735 825 2821 (nisi
846 2742 921 2800 forto
942 2760 1011 2816 pars
1033 2743 1104 2815 nati,
1127 2749 1215 2817 prout
1235 2744 1299 2819 ipso

174 2831 203 2890 in
230 2831 413 2890 inferioribus
438 2833 549 2904 partam
577 2830 682 2890 Christi
709 2830 838 2889 nominat
867 2828 1012 2908 deitatem)
1040 2832 1091 2891 sod
1117 2849 1184 2909 uon·
1199 2832 1300 2892 diuina

122 2918 164 2984 34
173 2922 277 2979 natura
299 2937 332 2978 ox
354 2919 465 2994 uirgine
488 2920 558 2978 nata
580 2921 638 2977 est:
662 2921 746 2977 natus
769 2933 862 2978 autam
896 2922 940 2978 θεῖ
972 2937 1005 2978 or
1035 2920 1157 2994 uirgine,
1187 2922 1238 2994 qui
1266 2939 1298 2981 ox

174 3008 336 3068 substantia
357 3008 479 3090 uirginis
503 3009 624 3078 constat,
644 3024 703 3066 non
726 3008 797 3066 deus
817 3009 936 3066 narbum
960 3026 993 3067 ex
1015 3008 1107 3067 Maris
1129 3012 1214 3068 natus
1238 3013 1298 3081 ast;
1316 3034 1341 3074 ao

174 3101 259 3157 natus
289 3100 383 3156 autom
412 3099 456 3155 θεῖ
483 3114 517 3154 aa
543 3097 642 3167 Maria,
673 3095 722 3169 qui
750 3113 783 3154 ox
809 3096 917 3155 semino
946 3099 990 3156 ost
1015 3097 1119 3169 Dauid,
1147 3114 1205 3157 non
1229 3099 1298 3159 daus

173 3187 293 3245 uerbum
316 3204 349 3244 ox
372 3185 488 3243 muliera
512 3187 597 3244 natus
616 3187 669 3255 θεῖ,
689 3185 740 3242 sed
758 3187 843 3244 natus
862 3188 907 3243 θεῖ
924 3203 957 3244 ax
976 3179 1103 3256 muliera,
1123 3186 1172 3260 qui
1190 3186 1297 3248 uirtuto

174 3275 267 3333 sancti
290 3274 407 3352 spiritus
425 3275 582 3347 plasmatus
597 3276 641 3332 θεῖ
654 3273 683 3331 in
702 3290 751 3343 aa3
771 3290 828 3332 non
849 3291 882 3331 ax
901 3276 989 3332 matre
1009 3276 1093 3333 ustus
1112 3277 1157 3332 θεῖ
1176 3279 1298 3337 consub-

174 3362 317 3422 stantialis
330 3361 405 3437 patri
423 3362 515 3434 (sino
538 3379 565 3421 m
574 3365 654 3420 atro
674 3362 747 3420 onim
761 3363 816 3421 isto
830 3363 986 3423 secuudum
1000 3362 1077 3430 boati
1089 3363 1174 3423 Pauli
1186 3359 1298 3446 nouam)
1367 3371 1369 3375 ’

171 3451 224 3509 sod
243 3451 291 3525 qui
308 3451 338 3509 in
356 3451 560 3525 posterioribus
578 3451 753 3525 temporibus
771 3451 801 3509 in
816 3453 943 3510 materno
957 3453 1056 3509 uentre
1072 3451 1165 3511 sancti
1179 3453 1297 3526 spiritus
1314 3476 1338 3518 oo

62 3532 67 3539 ”
173 3539 278 3599 uirtute
301 3539 459 3614 plasmatus
482 3541 645 3615 ast-utpote
669 3539 749 3599 sina
772 3541 879 3614 patro
901 3542 1018 3614 proptar
1039 3540 1093 3599 hoo
1117 3540 1220 3603 dictus.
1317 3571 1319 3576 ·

261 3744 295 3798 34
311 3743 393 3797 fleur.
415 3742 474 3808 ns
528 3744 562 3796 θθ
581 3742 661 3797 neus.
681 3743 740 3806 ns
811 3805 815 3812 ,

210 3874 301 3944 lpari
324 3873 350 3926 V
410 3873 567 3928 liorsitam
590 3873 616 3926 V
671 3874 887 3944 6quodnatum
910 3873 1135 3928 0:001atumV
1194 3877 1296 3930 'lteru-
1381 3886 1383 3890 “

172 3964 246 4033 plum
267 3963 301 4018 0:
319 3964 421 4032 templo
444 3963 471 4016 V
552 3963 617 4018 dena
635 3964 716 4033 scalpo
787 3964 822 4017 14
840 3980 900 4017 eum
922 3962 959 4016 0:
977 3979 1036 4017 cum
1059 3962 1085 4016 V
1156 3964 1190 4018 18
1208 3980 1239 4018 ax
1261 3964 1297 4018 V:

174 4051 245 4105 eto
306 4051 339 4104 al
360 4050 450 4104 dicitis
467 4053 496 4104 ῖθ
519 4050 570 4126 V,
607 4051 641 4105 23
653 4051 717 4121 pari
740 4051 766 4104 V
834 4052 867 4104 25
886 4067 920 4104 ue
939 4050 1175 4104 consubstantialis
1193 4053 1253 4122 pari
1274 4051 1299 4104 V

170 4140 208 4192 34
225 4139 277 4194 ista
300 4139 362 4195 VO:
380 4141 423 4193 θεῖ
440 4140 515 4194 Bar?
