2904 4672
164 227 205 292 80
308 225 349 279 De
368 224 410 278 his
430 241 497 294 quae
516 225 586 278 inter
604 223 769 277 Bonifatium
789 228 817 277 et
835 224 968 278 Eulalimn
987 228 1063 294 gesta
1082 228 1146 278 surrt

164 418 272 484 dotum
292 423 340 482 est
359 417 454 481 dilata
473 417 619 501 cognitio,
638 419 674 480 ut
693 416 841 498 quicquid
859 417 981 501 religio,
1005 417 1153 500 quicquid
1176 419 1295 483 ueritas

163 525 352 609 postulabat,
372 524 489 605 absque
508 523 573 587 ulla
591 523 822 605 perturbatione
841 523 900 588 lroc
920 523 1107 607 disceptatio
1126 525 1296 608 tranquilla

120 636 140 698 2
164 631 349 696 decemeret.
418 628 472 692 sed
499 627 602 692 Eulali
630 627 831 710 usurpatione
860 631 965 694 contra
993 629 1177 694 sententiam
1201 649 1295 694 uene-

162 737 270 802 rabilis
298 734 408 818 synodi
436 734 536 798 multa
557 733 668 798 illicite
693 735 860 798 commissa
883 734 981 799 fuisse
1004 735 1164 799 relationis
1188 739 1294 800 textus

164 842 302 918 edocuit;
331 841 385 924 qui
411 840 586 924 praesentia
613 858 670 904 sua
698 858 823 904 causam
851 840 964 904 furoris
992 842 1106 924 populo
1141 841 1293 905 submini-
1325 859 1338 898 r

164 952 265 1014 strom
288 950 391 1012 totum
413 946 512 1028 perire
536 945 647 1022 uoluit,
672 944 820 1026 quicquid
844 945 1014 1009 moderatio
1038 951 1145 1012 nostra
1172 966 1294 1011 conser-

163 1057 228 1119 uat.
256 1072 326 1117 nam
355 1071 427 1117 cum
454 1051 645 1123 ordinatione
676 1054 783 1116 nostra
815 1054 847 1113 et
879 1052 1033 1117 sententia
1066 1052 1293 1139 episcoporum,

164 1179 295 1242 quorum
326 1158 357 1223 in
388 1159 507 1241 synodo
539 1157 639 1222 maior
670 1176 704 1221 se
732 1156 903 1223 multitudo
932 1157 1109 1242 collegerat,
1138 1177 1294 1227 consensu

160 1265 258 1330 etiam
276 1265 411 1349 partium
431 1268 462 1328 et
479 1263 671 1345 professione
689 1262 722 1326 id
745 1263 811 1327 fieri
834 1262 996 1328 definitum
1020 1268 1113 1342 esset,
1136 1269 1174 1329 ut
1197 1266 1293 1330 sciret

164 1392 198 1438 so
225 1371 403 1456 specialiter
429 1389 499 1435 esse
527 1370 717 1447 damnatum,
747 1369 935 1452 quicumque
963 1370 1003 1435 ad
1024 1371 1215 1438 incitandum
1240 1391 1294 1455 pos
1312 1391 1335 1428 ιο

160 1479 274 1563 'pulum
297 1478 404 1542 urbem
428 1475 542 1540 fuisset
563 1475 740 1559 ingressus:
766 1475 883 1540 oblitus
907 1476 958 1541 sui
981 1477 1127 1558 probauit
1149 1496 1184 1542 ex
1208 1497 1294 1560 prae·

121 1583 246 1654 3senti
277 1583 371 1660 facto,
405 1583 495 1664 quale
527 1580 670 1645 uideatur
702 1580 850 1645 habuisse
882 1581 1078 1665 principium.
1147 1584 1294 1665 quoniam

102 1742 105 1748 .
164 1710 236 1774 crgo
259 1692 343 1755 recto
366 1689 449 1755 hunc
472 1691 544 1770 post
565 1689 615 1751 tot
633 1685 770 1750 admissa
787 1687 864 1751 urbe
884 1690 1009 1755 constat
1026 1707 1096 1773 esse
1115 1689 1293 1772 depulsum,

164 1797 203 1862 ad
231 1815 325 1879 quam
351 1814 423 1860 eum
451 1793 594 1858 accedero
621 1811 682 1857 non
711 1791 823 1857 debere
851 1799 883 1858 et
910 1794 1092 1859 clementiae
1115 1797 1239 1860 nostrae
1264 1799 1296 1859 et

165 1902 381 1985 episcoporum
413 1899 540 1964 uidetur
571 1899 721 1992 statuisse
752 1898 920 1963 iudicium:
948 1900 1141 1965 Bonifatium
1168 1910 1333 1965 uenerat

163 2009 260 2079 bilem
282 2007 387 2071 uirum
410 2005 603 2089 episcopum,
627 2003 666 2067 ad
689 2004 779 2067 cuius
802 2003 1048 2068 moderationem
1075 2006 1293 2071 auctoritatem

98 2197 100 2201 ι
166 2114 303 2178 nostram
329 2113 415 2176 recte
443 2109 623 2175 censuimus
651 2127 720 2173 esse
745 2107 945 2192 iungendam,
971 2107 1156 2199 Symmacho
1183 2131 1294 2195 parens

164 2218 327 2283 karissime
362 2219 456 2298 atque
488 2214 712 2290 amantissime,
746 2214 924 2279 sublimitas
956 2217 1012 2279 tua
1039 2216 1148 2280 urbem
1173 2216 1296 2300 ingredi

165 2324 277 2389 debere
295 2342 352 2388 nos
375 2322 525 2387 statuisse
549 2324 727 2406 cognoscat,
750 2323 788 2383 ut
809 2321 868 2384 sub
893 2320 960 2384 eius
984 2321 1201 2404 gubernaculis
1224 2324 1294 2387 reli-

165 2430 271 2513 giosae
293 2429 374 2516 legis
396 2427 573 2492 reuerentia
594 2426 806 2492 moderatione
830 2427 924 2492 solita
947 2427 1150 2509 compleatur.
1214 2429 1296 2493 Data
1312 2451 1336 2490 u

164 2535 221 2600 111.
244 2535 351 2600 Nonas
373 2534 488 2619 April,
509 2536 637 2615 accepta
659 2532 714 2597 VI.
736 2532 783 2604 Id.
806 2532 905 2615 April.

164 2870 323 2915 arbitravi!
345 2867 528 2918 uuuarrorrls
552 2866 709 2911 smacfll
730 2867 760 2914 ἶ).
786 2867 813 2911 U.
837 2866 877 2911 DE
900 2866 1050 2912 lucanasu
1073 2868 1177 2913 PAPAE
1207 2868 1295 2914 Bour-

404 2973 493 3019 narn
513 2974 556 3018 Ab
580 2972 748 3018 PRINCIPEH
771 2972 869 3018 surita
892 2973 1050 3018 scalprum
1092 2971 1094 2974 ⁴

210 3079 431 3161 Quaecumque
459 3077 515 3142 deo
544 3080 671 3142 auctore
698 3076 869 3155 firmantur,
897 3077 1008 3142 merito
1038 3077 1143 3142 diuino
1167 3078 1295 3161 pietatis
1312 3104 1337 3144 aa

165 3190 288 3250 uestrae
306 3185 421 3252 iudicio
439 3183 648 3268 proferuntur.
667 3202 765 3266 nuper
782 3202 916 3266 namque
935 3202 1006 3248 cum
1026 3183 1065 3247 ad
1079 3203 1128 3248 mc
1142 3185 1293 3248 famulum

165 3294 306 3355 uestrum
320 3309 408 3356 sacra
425 3289 607 3355 clementiae
616 3291 740 3353 uestrae
754 3291 930 3354 emanasset
944 3290 1198 3369 auctoritasque
1212 3289 1296 3352 omni

167 3396 370 3479 ambiguitate
385 3397 542 3460 summota
558 3385 746 3458 uenerabilis
760 3394 821 3458 uiri
835 3393 972 3459 Bonifati
991 3394 1129 3477 episcopi
1147 3394 1294 3458 maiestas

165 3504 271 3565 uestro
298 3501 507 3566 sacerdotium
534 3500 790 3578 roborauit,tn1n
816 3503 905 3584 grata
928 3499 1084 3564 uniuersis
1108 3519 1186 3582 quae
1209 3500 1296 3564 iussa

200 3666 216 3719 3
236 3665 349 3723 eulalius
373 3665 403 3729 V,
423 3671 491 3720 corr.
504 3666 613 3734 Meyer:
632 3663 723 3718 eulalii
737 3662 771 3727 0²,
785 3679 833 3732 per
844 3661 979 3716 Eulalium
993 3662 1060 3716 Bar.
1115 3663 1132 3727 8
1151 3664 1296 3733 collegerat

164 3753 249 3807 Bac:
276 3753 450 3809 collectuerat
479 3754 511 3821 V,
536 3753 649 3807 collecta
676 3754 770 3821 eratp
861 3751 890 3803 11
919 3750 1046 3819 probabit
1072 3749 1103 3813 V,
1131 3767 1199 3804 corr.
1228 3751 1294 3804 Bar.

166 3842 200 3896 12
217 3842 366 3911 principum
388 3839 420 3905 V,
440 3857 506 3896 corr.
527 3839 554 3892 ο2
645 3841 677 3894 13
696 3856 745 3910 ego
770 3838 800 3904 V,
820 3854 886 3893 corr.
906 3836 933 3908 ρ2
1040 3838 1103 3893 urbe
1126 3838 1158 3902 V,
1168 3853 1244 3922 porr.
1271 3837 1296 3908 ρ2

168 3945 226 3983 esse
244 3941 297 3998 per
317 3946 431 3984 errorem
453 3947 503 3984 cnr.
521 3927 617 3998 Meyer
689 3927 818 3998 depmnrn
841 3926 873 3989 V,
892 3941 992 3981 corne
1046 3927 1078 3980 21
1100 3913 1145 3982 a'c'c
1168 3927 1195 3980 V

200 4018 249 4072 84.
286 4018 353 4072 Dat.
367 4023 432 4087 port-
450 4018 518 4072 dicen
536 4020 573 4071 10
583 4020 652 4085 Aps.
671 4019 733 4078 419.
796 4015 869 4070 Edd.
885 4015 954 4069 Bar.
970 4014 1009 4069 ad
1022 4012 1048 4069 a.
1064 4017 1124 4081 419,
1141 4019 1194 4082 34,-
1211 4016 1294 4070 Iurat.

165 4109 244 4161 Aust.
264 4105 363 4175 Sparta.
382 4123 409 4160 tt.
431 4109 476 4171 31,·
495 4105 602 4176 Sciopp.
622 4112 647 4160 et
664 4105 732 4158 Par.
754 4105 783 4158 X
801 4107 848 4157 83.
904 4103 937 4158 28
956 4102 1074 4158 bonifaci
1097 4104 1122 4157 V
