2904 4672
580 206 860 278 Epist.xv1113-
880 209 928 267 rur
946 210 970 264 a.
1285 217 1325 282 67

209 398 249 463 ad
279 417 372 464 unam
403 397 565 463 ecclesiam
599 398 798 462 conuenirent
830 402 871 475 et,
904 399 986 482 quod
1017 401 1083 464 fieri
1114 420 1174 466 non
1201 402 1326 480 bochet,

208 506 289 568 iuter
312 523 344 568 se
367 502 534 569 multitudo
559 502 746 585 confligeret.
770 503 825 566 sed
847 504 906 568 boo
928 504 991 569 iliis
1014 505 1118 570 uisum
1142 510 1199 584 est,
1224 507 1325 585 credo,

208 616 402 693 suspectum,
430 608 511 690 quod
538 607 674 690 quietem
704 608 894 673 suadendam
922 610 1038 674 credidi
1060 613 1236 678 hominibus
1259 632 1326 696 per-

207 717 332 781 turbare
362 715 541 780 uolentibus
574 714 744 781 ciuItatem.
778 715 816 779 ob
851 736 943 798 quam
974 737 1039 781 rem
1077 719 1184 784 ambae
1221 723 1325 801 partes

179 822 416 901 coalumniosis
435 840 485 885 me
513 819 708 885 crediderunt
735 822 1013 887 contestationibus
1041 825 1258 905 appetendum,
1290 830 1326 890 ut

207 947 340 993 errorem
377 946 473 1015 suum
513 927 694 1009 compositIs
735 928 902 993 mendaciis
939 933 1127 997 excusarent.
1165 931 1247 1013 quod
1287 951 1324 995 ne

204 1035 237 1097 in
261 1032 364 1116 aliquo
389 1033 583 1098 clementiam
606 1015 743 1096 uestram
766 1035 885 1108 lateret,
910 1035 1016 1098 eadem
1040 1049 1118 1126 quae
1146 1038 1324 1120 optulerunt

206 1141 285 1204 actir
312 1140 428 1205 inserta
454 1139 621 1218 transmisi,
650 1158 687 1202 ne
711 1140 876 1222 qququam
901 1160 1102 1223 suppressum
1126 1160 1195 1207 esse
1219 1162 1324 1224 quere-

204 1251 320 1310 rentur.
375 1249 526 1327 superest,
545 1248 582 1308 ut
604 1245 687 1328 apud
710 1245 907 1314 clementiam
929 1251 1066 1311 uestram
1088 1248 1204 1311 nullius
1226 1249 1323 1330 partis
1347 1245 1368 1308 4

162 1369 188 1408 10
205 1351 320 1416 studiis
338 1351 448 1423 famuli
466 1351 564 1415 uestri
587 1343 752 1433 appetatur
774 1352 924 1428 absentia,
948 1352 1002 1434 qui
1024 1371 1146 1435 semper
1167 1341 1324 1418 maiestati

204 1459 329 1522 uestrae
360 1457 446 1540 puris
479 1456 615 1520 seruitiis
647 1456 834 1538 approbatus
866 1476 915 1520 me
948 1458 985 1521 ab
1016 1459 1245 1542 oppugnatione
1271 1460 1323 1524 uel

203 1561 311 1628 fauore
352 1563 510 1627 ambarum
550 1562 685 1646 partium
720 1565 757 1627 ut
793 1563 922 1628 decebat
957 1563 1071 1628 credidi
1106 1564 1322 1647 separandum.

204 1668 286 1753 Data
307 1668 391 1732 VIII.
415 1667 486 1734 Kal.
509 1668 755 1732 Februariarum.

162 2009 203 2044 lo¹
365 2003 522 2047 excursum
545 2002 705 2046 SACRARUII
728 2002 919 2046 II'I'I'IIRARUII
942 2003 983 2046 AD
1008 1982 1158 2047 SYNODUII.

248 2105 359 2171 Omnia
389 2107 513 2189 quidem
552 2108 716 2172 clementia
750 2109 856 2171 nostra
891 2107 922 2170 iu
951 2107 1105 2190 praesenti
1135 2106 1321 2171 beatitudini

201 2217 325 2276 uestrae
344 2231 481 2299 congrua
497 2213 688 2278 ordinatione
705 2212 874 2291 mandauit,
893 2217 930 2276 ut
946 2213 1152 2304 'sequestratis
1176 2213 1319 2278 omnibus

202 2322 307 2383 uestro
335 2318 459 2394 iudicio,
488 2319 563 2401 quid
586 2319 744 2384 obseruari
765 2321 890 2401 propter
912 2319 1049 2401 quietem
1071 2318 1179 2400 populi
1202 2318 1318 2397 deceat,

201 2422 341 2489 finiretis.
408 2424 609 2488 meminimus
641 2443 763 2506 quoque
796 2424 854 2488 hoc
886 2445 904 2488 a
934 2424 1022 2488 nobis
1049 2424 1213 2505 imprimis,
1236 2424 1362 2506 quodd

158 2552 185 2592 ro
200 2530 341 2610 aequitas
359 2530 530 2612 expetebat,
550 2547 618 2595 esse
641 2530 831 2608 mandatum,
851 2534 886 2594 ut
905 2531 937 2592 bi
957 2530 1103 2612 episcopi,
1127 2549 1204 2611 quos
1226 2530 1319 2595 inter-

200 2634 298 2700 fuisse
326 2654 432 2699 eorum
461 2636 704 2700 ordinationibus
733 2628 855 2707 constat
880 2636 932 2700 uel
953 2639 1063 2719 postea
1084 2636 1317 2719 subscripsisse,

200 2734 267 2806 siue
293 2741 407 2805 iniuria
433 2743 481 2806 sui
508 2746 540 2806 et
566 2745 709 2807 manente
736 2742 909 2807 reuerentia
934 2742 1053 2807 iudices
1084 2761 1144 2807 nou
1176 2743 1318 2807 sederent

200 2865 256 2911 neo
278 2848 380 2912 ullum
402 2851 559 2930 praestare
581 2848 798 2913 testimouium
820 2850 958 2929 possent,
982 2868 1020 2912 ne
1043 2867 1102 2912 non
1121 2850 1185 2912 tam
1204 2866 1317 2913 nouam

197 2953 349 3035 prolaturi
371 2953 554 3018 senteutiam
577 2973 670 3036 quam
693 2953 848 3017 seruaturi
869 2953 987 3018 factum
1009 2954 1209 3036 praeteritum
1231 2953 1317 3036 uide·

152 3081 180 3130 sa
198 3061 314 3123 rentur.
342 3059 374 3122 hi
401 3078 484 3144 crgo,
513 3059 596 3123 siout
623 3059 765 3142 superius
793 3057 936 3136 diximus
964 3060 1002 3124 ab
1030 3079 1066 3122 ea
1092 3059 1316 3141 disceptatione

198 3183 231 3228 ee
255 3164 409 3230 abstinere
432 3165 599 3230 debebunt.
665 3164 745 3229 illud
766 3184 889 3247 quoque
913 3166 1057 3230 similiter
1079 3166 1315 3232 custodiendum
1338 3176 1358 3238 3

196 3269 357 3334 beatitudo
375 3272 482 3335 uestra
500 3288 568 3333 osse
592 3272 768 3353 cognoscat,
791 3269 872 3334 nulli
888 3271 968 3353 parti
986 3270 1210 3352 praeiudicium
1233 3290 1314 3336 com-

195 3379 347 3458 paratum,
366 3375 450 3457 quod
468 3393 486 3438 a
504 3375 593 3439 nobis
612 3376 701 3439 antea
723 3376 876 3440 claruerat
897 3376 1114 3442 coustitutum.
1138 3393 1209 3439 cum
1231 3375 1314 3440 enim

232 3644 312 3711 lquo
331 3643 439 3706 Kcorr.
453 3640 481 3693 ο2
533 3642 615 3713 3quo
633 3642 746 3708 V‚corr.
760 3641 788 3693 ο2
798 3643 893 3713 Meyer
945 3642 1143 3698 5calumniosis
1157 3659 1198 3697 me
1207 3642 1313 3712 Meyer:

195 3728 429 3783 calumniosissIme
451 3729 478 3784 V
530 3731 560 3784 11
581 3730 712 3800 approbat
734 3731 764 3794 V,
788 3747 856 3785 corr.
874 3732 959 3785 Iurat.
1015 3731 1048 3784 12
1065 3728 1172 3784 dicebat
1194 3730 1225 3795 V,
1244 3747 1312 3787 corr.

196 3814 265 3869 Bor.
337 3817 480 3872 credidisse
497 3817 643 3888 parandam
665 3818 696 3884 V,
714 3835 782 3874 corr.
805 3819 898 3888 Meyer
950 3819 982 3873 13
1000 3818 1163 3871 Februarum
1189 3817 1221 3882 V,
1244 3833 1311 3874 corr.

194 3904 350 3978 Peecbeaip
756 3948 757 3951 ,
1292 3912 1294 3917 '

229 3992 279 4047 20.
313 3992 427 4050 Daca
448 3996 665 4064 dispondeo
687 3995 804 4050 &Febr
901 3995 955 4049 Ed.
979 3995 1047 4049 Bar.
1072 3995 1110 4048 ad
1132 4011 1158 4048 a.
1175 3996 1245 4057 419,
1265 3996 1311 4048 14.
1370 4024 1381 4053 .

197 4081 228 4136 19
247 4097 299 4151 quo
321 4071 437 4148 Boon.
455 4080 483 4134 ο1
551 4082 586 4138 23
603 4083 688 4137 ullum
707 4080 745 4138 0²:
764 4084 839 4137 illum
861 4082 887 4137 V

1209 4185 1241 4240 5*
