2904 4672
173 273 237 335 412
375 267 476 322 Gelasii
493 268 514 323 I.
534 267 607 323 diota
624 269 753 333 moerens
771 271 941 340 Pelagianam
959 271 1091 326 haeresim

172 463 408 539 inlustrabatur,
432 463 533 547 gratia
551 467 583 527 et
600 463 838 546 participatione
858 464 1004 547 delapsus
1024 469 1073 531 est
1091 486 1192 549 eoque
1209 469 1300 533 modo

173 569 307 653 degener
333 570 436 634 factus
464 589 499 634 ac
528 569 565 633 de
593 571 721 634 caelesti
746 570 819 635 sede
841 591 896 654 pro
919 571 977 636 lrac
1001 572 1051 637 sui
1073 572 1300 639 decoloratione

173 678 316 742 seclusus
364 676 517 740 secundae
554 676 744 740 conditionis
781 677 948 761 imaginem
985 677 1035 741 dei
1065 698 1121 761 per
1151 679 1299 744 inuidiam

172 783 352 847 flammatus
385 782 508 846 euertit.
541 781 640 844 isdem
673 783 812 846 motibus
845 783 1028 867 adgrediens
1063 785 1095 848 in
1133 786 1299 850 securitate

173 889 347 972 degentem,
384 888 498 971 quibus
535 886 573 950 de
609 888 742 951 summis
779 888 818 951 ad
853 889 917 952 ima
950 889 1032 953 male
1064 890 1202 955 confisus
1233 891 1334 973 ipseo

173 994 338 1059 deciderat.
361 993 433 1057 hino
455 992 510 1056 illa
528 992 662 1056 felicitas
680 993 816 1074 paradisi
834 994 943 1076 primis
962 994 1139 1059 hominibus
1159 999 1298 1060 constare

172 1120 232 1164 non
256 1099 369 1182 potuit,
393 1098 464 1163 hinc
488 1097 543 1162 illa
566 1099 683 1179 primae
707 1098 894 1163 conditionis
913 1099 1088 1184 integritas,
1107 1101 1183 1166 dum
1200 1101 1246 1166 ita
1263 1101 1298 1165 de

174 1226 206 1270 se
238 1206 316 1281 fidit,
349 1207 509 1285 tamquam
536 1204 617 1286 ipso,
646 1205 699 1285 qui
727 1204 918 1284 condiderat,
946 1225 1005 1270 non
1034 1210 1150 1289 egeret,
1179 1226 1235 1271 nec
1262 1207 1297 1271 de

173 1311 326 1394 perceptis
355 1310 420 1393 agit
447 1310 575 1392 gratias,
604 1309 686 1393 quod
709 1329 863 1393 nusquam
885 1311 998 1376 fecisse
1021 1315 1222 1391 memoratur,
1244 1331 1298 1377 uec

173 1419 211 1482 de
235 1416 465 1490 conseruandis,
491 1435 568 1498 quae
592 1420 779 1498 sumpserat,
802 1418 906 1499 poscit
927 1418 1076 1482 auxilium
1095 1437 1152 1482 nec
1172 1418 1210 1482 ad
1229 1439 1297 1483 eum
1313 1442 1336 1482 ro

173 1523 267 1587 etiam
289 1524 416 1604 pulsata
437 1522 636 1604 temptatoris
659 1540 788 1586 accessu
807 1522 923 1587 deuota
940 1523 1096 1587 concurrit
1115 1526 1147 1586 et
1165 1524 1299 1588 consulit

173 1648 308 1712 suaeque
333 1649 365 1693 se
385 1629 483 1693 credit
500 1629 580 1692 inter
596 1647 744 1711 prospera
763 1629 930 1706 uoluntati,
949 1629 1039 1694 facile
1058 1630 1125 1694 sine
1144 1629 1296 1712 praesidio

173 1736 320 1800 creatoris
360 1735 463 1817 patuit
499 1735 673 1817 deceptoris
709 1733 832 1798 insidiis
869 1739 901 1798 et
935 1735 966 1798 in
1002 1735 1298 1817 praeuaricationem

172 1844 304 1905 tractata
342 1845 567 1923 consequenter
601 1840 714 1904 inliciti
750 1840 958 1905 conditionem
999 1841 1149 1924 praefixae
1190 1841 1297 1906 mortis

172 1947 294 2011 inuenit
320 1948 494 2029 meritoque
523 1950 572 2011 est
598 1947 776 2028 conpetenti
800 1947 941 2011 subiecta
962 1946 1129 2022 uindictae,
1154 1946 1298 2028 quoniam
1313 1973 1334 2015 o

173 2071 229 2116 nec
257 2053 294 2117 de
317 2053 407 2117 bonis
430 2053 532 2116 fuerat
555 2052 668 2116 deuota
690 2053 859 2117 retinendis
882 2072 938 2117 nec
961 2052 1078 2117 malum
1101 2056 1299 2134 praecauerat

174 2160 244 2221 ante
271 2157 475 2240 praedictum,
504 2157 577 2221 dum
605 2177 661 2241 per
688 2157 813 2222 maioris
842 2158 995 2222 ambitum
1017 2158 1184 2241 potestatis
1208 2157 1298 2221 deum

174 2281 207 2327 se
226 2263 347 2328 scilieet
364 2263 428 2328 fore
446 2282 647 2345 praesumens
665 2264 773 2328 foueas
793 2265 918 2328 hostilis
932 2265 1144 2347 persuasionis
1159 2263 1297 2338 incurrit,

173 2372 206 2433 et
238 2388 326 2449 quae,
359 2368 387 2432 si
418 2388 475 2433 suo
508 2368 614 2433 ordine
646 2368 816 2433 mansisset
846 2372 933 2452 grata
964 2369 1084 2447 factori,
1115 2373 1298 2451 perpetuum

173 2493 314 2538 summae
350 2473 571 2537 commercium
608 2473 733 2537 deitatis
766 2474 922 2555 potuisset
954 2473 1193 2556 adprehendere,
1232 2494 1299 2539 con·
1315 2507 1337 2548 ,ο

173 2583 313 2663 potenter
336 2579 402 2643 sine
427 2580 532 2644 debito
556 2599 694 2644 summae
714 2580 872 2644 diuinitati
892 2579 993 2644 officio
1013 2581 1154 2662 captiosa
1171 2581 1299 2661 promis-

122 2687 260 2756 29sione
279 2686 429 2749 frustrata
448 2686 486 2749 ad
505 2685 702 2750 diuinitatem
726 2705 786 2749 nou
810 2686 914 2766 potuit
936 2687 1107 2767 peruenire.
1159 2687 1204 2751 sic
1229 2706 1299 2771 ergo

174 2793 240 2856 sine
272 2791 359 2855 illius
391 2792 572 2874 principalis
604 2811 639 2856 ao
673 2810 813 2856 summae
844 2791 973 2855 rationis
1007 2792 1129 2868 affectu,
1164 2793 1299 2874 quaein

172 2897 261 2961 bonis
294 2916 416 2980 semper
445 2897 615 2962 retinendis
649 2898 872 2978 contrariisque
908 2897 1081 2961 refutandis
1117 2897 1300 2963 intemerata

173 3003 323 3084 persistit,
344 3004 382 3067 ad
401 3004 491 3067 cuius
510 3004 620 3085 utique
640 3003 879 3067 similitudinem
897 3003 1047 3067 rationale
1065 3004 1169 3067 luerat
1186 3005 1298 3068 animal
1315 3037 1337 3076 25

172 3108 365 3186 inst'tutum,
406 3113 442 3173 ut
482 3129 548 3173 eam
590 3129 645 3192 pro
683 3129 740 3174 suo
779 3109 905 3174 modulo
942 3109 1088 3193 congruis
1125 3111 1299 3175 actionibus

173 3214 324 3278 imitando
364 3215 527 3297 ipsiusque
570 3215 722 3280 seruando
764 3215 970 3280 reuerentiam
1017 3216 1299 3298 subsequendoque

174 3319 315 3404 gratiam,
339 3323 375 3384 nt
393 3340 465 3384 uere
485 3320 659 3385 similitudo
678 3322 746 3385 eius
765 3324 797 3385 et
815 3322 918 3404 imago
937 3324 1141 3402 permaneret,
1162 3323 1299 3388 obtinere

174 3425 330 3508 potuisset
356 3425 506 3507 fieretque
530 3426 653 3491 diuinae
676 3427 805 3491 rationis
828 3431 987 3509 tamquam
1011 3447 1086 3491 suae
1108 3430 1248 3510 parentis
1271 3433 1300 3493 et

174 3533 310 3597 auctoris
330 3532 424 3616 digna
443 3533 598 3596 consortio
618 3536 649 3595 et
662 3551 717 3615 per
730 3533 789 3596 hoo
804 3532 1006 3596 nihilominus
1021 3537 1131 3616 utpote
1146 3536 1298 3618 particeps
1314 3566 1335 3608 ao

211 3792 222 3843 1
244 3791 362 3861 dilapsus
386 3792 416 3855 V,
436 3808 504 3847 corr.
527 3790 590 3844 Cor.
658 3794 786 3865 2eelesti
806 3810 838 3847 ea
857 3794 961 3847 celestis
985 3794 1009 3847 V
1078 3811 1126 3863 pra
1150 3795 1181 3860 V,
1200 3812 1299 3849 corno

175 3897 223 3933 sua
248 3880 309 3933 Gor.
398 3882 415 3932 4
438 3879 541 3932 hisdem
566 3879 591 3930 V
680 3880 712 3933 12
736 3897 888 3950 prosperam
911 3882 1058 3935 uoluntatis
1088 3882 1116 3944 V,
1141 3900 1210 3938 corr.
1238 3884 1298 3938 Car.

176 3968 344 4023 retractae
451 3966 547 4035 pertire
570 3965 601 4029 V,
620 3982 720 4020 corno
811 3969 843 4021 18
866 3969 1060 4037 praesumentis
1082 3969 1114 4034 V,
1134 3987 1202 4026 corr.
1226 3972 1301 4025 Tha‘el

175 4056 335 4125 persuasinis
359 4054 384 4108 V
471 4055 501 4107 21
529 4054 679 4107 diuinitatis
702 4054 732 4118 V,
756 4058 859 4109 correxi
947 4057 1052 4126 copiose
1071 4075 1088 4108 α
1106 4060 1205 4128 quique
1223 4076 1256 4114 ex
1273 4076 1301 4115 co

169 4142 291 4210 peoodeot
342 4141 376 4193 23
395 4141 449 4193 illis
473 4140 502 4203 V,
522 4155 589 4194 corr,
609 4140 636 4189 οἳ
688 4142 722 4195 30
742 4141 823 4210 digna
841 4158 874 4195 ex
892 4141 1000 4212 dignam
1022 4143 1048 4195 V
1102 4142 1219 4200 'haeco
