2904 4672
1327 26 1415 117 R

606 243 693 314 nysae.
710 243 735 296 x
753 243 769 296 s
787 273 821 282 -
838 243 891 296 xu
909 244 933 296 a.
1288 228 1329 310 533

211 439 347 505 conditio
366 439 590 505 emendationis
610 439 771 520 astringat.
791 439 915 520 quodsi
930 438 1085 519 quispiam
1100 457 1135 503 er
1148 429 1329 503 memoratis

208 547 358 631 sacrilega
393 546 564 611 intentione
596 547 750 610 statutum
786 543 1035 607 mansuetudinis
1071 546 1195 609 nostrae
1232 547 1330 608 trans-

207 652 411 736 grediendum
437 651 606 735 putauerit,
634 669 695 715 non
722 651 785 713 iam
807 652 844 712 ut
867 648 1062 713 Christianus
1083 651 1142 720 sed
1164 653 1201 714 ut
1223 651 1330 734 legum

207 779 243 825 ao
265 758 425 842 religionis
448 756 567 820 ratione
591 755 732 820 seclusus
756 754 957 818 seueritatem
974 755 1118 834 publicae
1137 755 1330 820 animaduer-

173 865 304 931 ssionis
327 865 487 947 agnoscat.
555 862 592 925 de
615 861 674 926 bac
696 863 801 925 autem
824 859 932 952 eadem
957 861 1155 926 obsemantie
1178 861 1216 925 ad
1242 880 1274 926 u.
1301 881 1328 926 e.
1352 857 1373 918 4

205 970 409 1035 Maximinum
436 968 588 1034 uicarium
617 967 701 1032 urbis
723 968 841 1031 Romae
870 967 993 1031 dedisse
1020 987 1076 1032 nos
1100 967 1329 1032 conducibilem

204 1061 378 1141 iussionem
397 1075 492 1139 etiam
511 1091 658 1139 censurae
677 1076 750 1138 tuae
768 1073 916 1136 uolumus
938 1073 1141 1149 innotescere,
1165 1092 1227 1156 quo
1249 1073 1331 1137 circa

206 1183 446 1246 memoratomm
471 1164 622 1263 personas
646 1178 683 1242 ab
707 1177 767 1254 his,
792 1178 845 1260 qui
867 1177 1077 1259 reipublicae
1100 1181 1222 1243 nostrae
1245 1197 1330 1261 prae·

206 1289 318 1364 sidant,
354 1287 524 1369 procliuior
560 1285 688 1352 statutis
721 1284 876 1349 exsecutio
909 1284 1064 1348 deferatur
1094 1285 1252 1367 maiorque
1289 1285 1331 1349 sit

158 1418 187 1455 ιο
205 1414 313 1460 eorum
326 1377 508 1471 moderatio,
528 1393 581 1475 qui
601 1391 783 1474 qualitatem
801 1408 924 1453 momm
942 1409 1070 1454 suorum
1089 1394 1182 1473 atque
1202 1394 1327 1457 actuum

205 1501 245 1578 ad
257 1502 429 1564 multorum
444 1499 571 1582 specula
585 1496 739 1562 senserint
751 1496 915 1577 pertinere.
952 1515 990 1558 nn
1005 1515 1090 1559 unus
1108 1516 1328 1563 runnunroms:

205 1606 283 1671 Uale
305 1604 429 1688 Ampeli
451 1603 614 1668 karissime
638 1605 731 1684 atque
755 1600 979 1664 amantissime.

728 1792 812 1882 (lb)

247 1937 322 1981 rann
344 1937 437 1984 nuce.
462 1938 609 1983 unrrrrrso
632 1938 757 1984 urennro
781 1940 867 1985 uanrs
891 1941 1003 1985 nounn.
1061 1921 1119 1984 Est
1140 1917 1329 1986 istud'diui-

155 2053 185 2092 rs
203 2023 288 2087 nitus
323 2023 506 2088 institutum
541 2026 771 2089 mansuetudini
806 2029 940 2105 nostrae,
972 2030 1018 2104 ut,
1052 2024 1175 2090 etiamsi
1206 2043 1329 2089 morum

135 2205 138 2208 ‚
211 2127 384 2193 emendatio
416 2129 448 2193 in
479 2129 641 2194 hominum
671 2131 738 2194 uita
770 2129 915 2208 sufficiat,
947 2149 1115 2213 numquam
1150 2131 1253 2192 tamen
1290 2129 1328 2192 ab

208 2233 390 2317 indulgendi
421 2235 523 2316 studio
557 2237 589 2298 et
619 2236 781 2300 uoluntate
814 2255 973 2300 cessemus
1004 2237 1222 2318 mitioremque
1259 2253 1327 2298 esse

208 2340 372 2421 cupiamus
396 2341 595 2405 correctionis
618 2342 762 2405 iniuriam
785 2361 877 2422 quarn
900 2345 1070 2424 prouocant
1091 2341 1203 2406 merita
1231 2339 1326 2405 deliu-

206 2448 368 2527 quentum.
436 2464 452 2509 e
475 2465 535 2527 quc
559 2447 666 2522 oritur,
693 2453 769 2519 <ut>
792 2448 914 2524 Ursino,
939 2466 1031 2529 quem
1048 2448 1173 2530 propter
1191 2447 1327 2528 quietem
1349 2452 1368 2513 2

157 2583 186 2620 2⁰
204 2550 313 2633 populi
337 2550 508 2615 Christiani
534 2554 565 2615 et
592 2553 728 2616 debitam
754 2553 898 2636 religioni
925 2563 960 2617 ao
982 2553 1106 2636 legibus
1131 2552 1326 2632 disciplinam

205 2675 265 2720 uuo
302 2657 426 2720 interim
461 2659 531 2731 loco
562 2658 676 2723 morari
705 2659 786 2722 intra
817 2657 935 2724 Gallias
966 2659 1167 2734 inmoramur,
1201 2657 1259 2722 sub
1291 2677 1327 2722 ea

203 2761 377 2825 conditione
406 2762 559 2846 euagandi
587 2763 749 2827 arbitrium
771 2765 999 2845 praeberemus,
1022 2783 1060 2828 ne
1082 2765 1134 2828 uel
1157 2764 1197 2829 ad
1218 2765 1327 2827 urbem

202 2867 335 2930 Romam
369 2867 423 2931 uel
459 2869 497 2932 ad
532 2868 675 2952 regiones
717 2870 946 2933 suburbicarias
984 2869 1102 2953 audeat
1142 2889 1324 2934 commeare.

203 2970 304 3053 quisi
321 2971 443 3055 ingrata
460 2972 630 3054 pertinacia
649 2975 803 3037 statutum
821 2974 1070 3038 mansuetudinis
1094 2977 1216 3049 nostrae
1240 2994 1325 3058 egre·
1348 2979 1368 3040 3

154 3109 183 3149 es
201 3075 350 3140 diendum
375 3077 544 3159 putauerit,
572 3078 704 3142 eundem
731 3096 792 3143 nou
819 3078 881 3142 iam
905 3082 941 3142 ut
964 3078 1185 3156 Christianum,
1210 3081 1324 3163 quippe

201 3191 295 3264 quem
314 3201 332 3245 a
354 3183 570 3248 communione
592 3183 753 3268 religionis
776 3184 890 3248 mentis
912 3185 1095 3266 inquietudo
1120 3185 1324 3264 disterminat,

200 3287 256 3352 sed
282 3290 319 3351 ut
345 3288 502 3351 hominem
530 3289 697 3353 factiosum
728 3289 1037 3371 perturbatoremque
1068 3291 1213 3373 publicae
1244 3294 1325 3356 tran·

233 3510 410 3564 iimaximnm
433 3510 464 3574 V,
483 3514 552 3565 corr.
571 3509 598 3563 ο2
686 3513 825 3566 9statuti
844 3513 1003 3582 Petschenig
1092 3514 1175 3566 maior
1199 3531 1266 3584 quae
1290 3515 1325 3595 V,

198 3612 266 3650 corr.
285 3616 303 3649 α
364 3598 396 3650 11
415 3615 446 3650 nr
464 3598 573 3667 Meyer:
589 3599 663 3653 mV
725 3601 757 3653 12
777 3600 807 3653 A.
829 3603 960 3670 (parens)
980 3601 1037 3655 kar.
1056 3601 1212 3655 dubitanter
1227 3601 1322 3671 Meyer

232 3684 279 3738 12.
315 3685 382 3739 Det.
401 3685 491 3739 eodem
509 3686 552 3741 die
570 3702 622 3754 qreo
640 3691 736 3754 ep.11.
796 3687 869 3741 Ede.
888 3687 957 3741 Ber.
978 3688 1017 3742 ed
1035 3705 1060 3742 a.
1082 3692 1144 3753 371,
1165 3693 1196 3757 3,·
1213 3689 1322 3744 Heenel

200 3772 280 3842 Cory.
298 3772 362 3843 Ley.
381 3777 448 3827 224.
521 3775 554 3828 16
573 3774 724 3829 emendatio
742 3776 770 3828 in
794 3776 833 3830 V.-
852 3777 1034 3830 emendatioui
1052 3777 1210 3832 dubitanter
1225 3778 1320 3848 Meyer

196 3861 244 3915 ced
259 3877 294 3915 ne
309 3861 472 3929 sicquidem
491 3867 560 3931 epte
578 3863 672 3917 mestit
688 3865 823 3939 sententie
869 3867 900 3918 17
920 3865 1052 3918 mitiorem
1069 3872 1098 3934 Lq
1119 3865 1146 3918 V
1187 3865 1219 3918 18
1234 3861 1318 3920 deliri·

198 3949 334 4017 quentium
352 3950 431 4003 Bar.»
476 3951 511 4004 19
528 3953 559 4003 ut·
577 3950 642 4006 edd.
664 3952 734 4008 Ber.
787 3953 820 4005 21
845 3952 1007 4007 iusseramus
1023 3952 1194 4014 <discedendi
1215 3953 1318 4023 copiam

196 4034 352 4090 fecerimus>
369 4035 418 4089 sub
437 4036 506 4091 Bar.
564 4037 598 4090 22
617 4026 746 4091 eondioue
769 4037 800 4103 V,
819 4054 884 4095 corr.
905 4057 923 4090 α
1011 4039 1143 4108 euagandi
1160 4040 1270 4109 Meyer:
1286 4057 1320 4094 ue

197 4120 315 4192 uagandi
337 4121 364 4176 V
432 4139 465 4176 ns
484 4123 528 4176 uel
546 4123 653 4192 Meyer:
670 4141 738 4178 neue
761 4125 785 4179 V
