2904 4672
122 219 214 284 XXII
542 214 829 284 Prolegomena

168 409 341 492 Hucusque
364 428 443 492 quae
466 409 595 493 exposui
626 410 678 474 cui
704 410 843 474 noudum
865 409 1054 492 persuadent
1076 427 1136 474 non
1159 428 1254 492 posse

125 516 265 581 codicem
284 538 304 578 α
322 535 358 581 ex
376 516 404 579 V
424 516 615 599 descriptum
633 536 695 581 nou
714 534 793 591 esse,
813 516 843 580 ei
864 516 973 598 paucis
995 515 1102 581 uerbis
1123 515 1255 580 tertium

124 641 263 706 propono
296 625 524 706 argumentum.
553 641 614 705 quo
646 622 762 687 certius
791 640 861 687 esse
888 620 1013 685 omuino
1045 639 1107 685 non
1138 622 1255 703 potest.

125 729 264 793 uidimus
291 729 479 794 Uaticanum
506 729 534 792 V
562 733 719 794 exaratum
747 746 816 792 esse
845 747 863 792 a
889 745 1005 793 nouem
1034 725 1181 792 librariis.
1219 744 1255 789 ex

126 835 240 916 quibus
262 835 328 900 fere
350 835 567 918 unusquisque
590 835 741 917 quasdam
763 835 860 899 babet
876 832 1033 900 scribendi
1049 833 1256 916 proprietates

126 941 164 1005 ab
189 943 259 1006 octo
282 941 411 1023 reliquis
435 941 562 1007 alienas.
586 960 665 1024 quae
688 941 893 1025 proprietates
913 960 985 1005 cum
1002 939 1034 1004 iu
1053 960 1074 998 α
1089 938 1136 1003 ita
1152 956 1256 1003 recur-

126 1050 206 1125 rant,
229 1049 266 1111 ut
292 1067 351 1111 non
382 1047 442 1112 nisi
466 1046 579 1111 adeas
603 1045 963 1130 pertineantepistulas,
986 1044 1118 1127 quasin
1142 1043 1170 1106 V
1194 1043 1256 1109 siu·

127 1153 196 1236 guli
223 1153 338 1235 quique
367 1157 572 1229 exaruerunt
597 1153 726 1232 librarii,
754 1153 849 1217 etiam
876 1152 934 1217 hac
960 1170 994 1216 re
1016 1152 1105 1235 patet
1126 1172 1147 1210 α
1169 1169 1205 1214 ex
1227 1147 1256 1212 V

128 1256 321 1340 descriptum
345 1278 425 1324 esse.
449 1259 586 1324 adieram
608 1278 718 1342 pauca.
746 1258 864 1323 codicis
886 1257 1032 1322 librarius
1049 1256 1170 1340 primus
1189 1274 1257 1337 par·

126 1363 258 1428 ticulum
281 1368 382 1429 tameo
404 1367 499 1448 paulo
521 1365 705 1430 inusitatius
729 1364 856 1429 reddere
879 1364 962 1429 solet
988 1362 1171 1446 compendio
1199 1365 1257 1440 loia

126 1469 211 1534 idem
234 1470 455 1553 compendium
476 1470 509 1535 in
532 1492 552 1532 α
576 1471 710 1536 occurrit
731 1471 764 1536 in
788 1469 896 1535 eadem
918 1472 1017 1552 parte,
1036 1487 1130 1552 quam
1151 1467 1206 1532 ille
1223 1467 1256 1530 iu

128 1574 156 1637 V
176 1575 323 1655 exorauit,
342 1595 443 1659 neque
460 1595 535 1642 uero
553 1580 665 1659 postea
682 1575 849 1641 inuenitur.
871 1574 956 1639 idem
973 1573 1118 1639 librarius
1136 1573 1258 1657 primus

129 1682 283 1765 syllabam
306 1683 356 1745 ius
377 1682 441 1747 fere
465 1701 588 1765 semper
608 1683 710 1765 pinxit
731 1681 914 1764 compendio
936 1677 957 1758 t,
981 1679 1072 1744 cuius
1094 1679 1164 1745 loco
1187 1679 1220 1743 iu
1239 1701 1260 1742 α

129 1807 253 1870 semper
276 1788 413 1855 occurrit
430 1789 495 1870 lost)
517 1789 579 1854 uisi
602 1788 687 1871 quod
708 1787 872 1871 perpaucis
894 1787 986 1860 locis,
1004 1787 1061 1851 ubi
1078 1786 1109 1850 in
1127 1786 1156 1850 V
1175 1788 1260 1850 extat

129 1879 252 1959 coinel
275 1891 311 1973 el,
334 1895 366 1958 iu
390 1917 410 1957 α
432 1897 516 1960 recto
539 1895 658 1980 legitur
679 1896 767 1960 cuius
789 1898 821 1960 ot
843 1895 918 1958 eius.
953 1894 1017 1958 iam
1042 1911 1121 1958 uero.
1141 1892 1260 1958 codicis

130 2000 158 2063 V
180 1999 326 2065 librarius
355 2001 522 2076 secundus,
546 2002 600 2085 qui
625 2002 777 2085 incipite
800 2000 905 2066 uerbis
934 2002 1008 2076 148ι
1030 2019 1082 2063 ore
1102 1995 1259 2079 ooomlepo,

130 2105 313 2186 compendio
335 2106 391 2171 illo
415 2127 586 2190 numquam
609 2109 833 2191 utiturneque
855 2107 925 2172 inde
948 2107 986 2171 ab
1011 2104 1130 2170 eisdem
1154 2103 1260 2169 uerbis

130 2210 162 2274 in
186 2231 206 2272 α
229 2210 472 2294 deprehenditur
494 2214 615 2298 syllaba
631 2215 661 2278 is
678 2214 759 2278 falso
777 2233 833 2297 pro
853 2215 903 2277 ius
921 2213 1047 2294 scripta.
1112 2211 1260 2275 librarius

131 2319 261 2398 quartus
283 2318 471 2399 particulam
487 2321 542 2384 sed
560 2320 670 2385 scribit
686 2319 723 2401 st,
742 2320 928 2402 particulam
951 2322 979 2382 et
1003 2319 1078 2382 nota
1094 2330 1118 2383 τ.
1141 2317 1261 2380 uuum-

131 2441 191 2504 que
214 2443 275 2487 uon
298 2423 361 2488 nisi
382 2425 414 2489 iu
434 2425 589 2507 epistulis,
611 2447 689 2509 quae
705 2427 793 2491 illius
813 2425 936 2490 suntin
954 2424 993 2503 V,
1012 2421 1261 2488 occonitetiam

131 2528 163 2592 in
187 2551 216 2594 α.
285 2531 373 2595 solus
400 2531 548 2597 librarius
576 2533 704 2616 quintus
733 2534 888 2599 uocabula
909 2530 1111 2613 coappelletur,
1134 2548 1262 2609 eucopo-

131 2633 205 2698 listo
235 2639 268 2700 et
299 2655 377 2717 quae
410 2641 484 2702 sunt
513 2638 630 2704 similia
656 2639 767 2705 scribit
792 2657 848 2720 per
875 2636 1032 2719 duplicem
1060 2634 1199 2699 litteram
1225 2653 1261 2696 o:

132 2740 355 2824 earcongotam,
384 2743 594 2827 cuooopclo'sto
621 2747 681 2809 etc.
707 2742 856 2824 solusque
878 2741 976 2806 uerba
997 2740 1031 2804 id
1052 2744 1098 2804 est
1120 2738 1264 2822 exprimit

132 2845 318 2929 compendio
349 2849 399 2912 od:
430 2851 598 2931 utrumque
624 2848 783 2913 inuenitur
808 2849 840 2912 in
868 2869 888 2910 α
915 2846 972 2912 sod
998 2845 1050 2911 bio
1076 2864 1200 2929 quoque
1231 2844 1263 2908 in

131 2953 177 3020 eis
200 2955 323 3018 tautum
347 2955 504 3038 epistulis,
527 2975 606 3038 quae
629 2956 661 3019 in
684 2955 713 3018 V
736 2960 810 3021 suut
832 2953 952 3020 librarii
977 2953 1089 3036 quinti.

177 3059 272 3124 Plura
301 3059 335 3125 id
367 3079 466 3145 genus
497 3080 628 3144 possum
656 3062 774 3127 adferre
802 3060 858 3126 sed
883 3060 946 3123 iarn
973 3077 1056 3122 nuuc
1085 3075 1194 3120 uereor
1224 3075 1264 3120 ne

133 3164 247 3228 fuerim
272 3165 396 3250 longior
422 3166 454 3231 in
482 3187 515 3232 re
542 3167 605 3232 iam
634 3168 741 3246 nullis,
769 3167 854 3232 sicut
879 3185 981 3250 spero,
1014 3162 1263 3227 dubitationibus

135 3270 286 3335 subiecta.
321 3291 395 3338 sane
427 3293 484 3358 ego
518 3274 664 3357 equidem
694 3294 762 3340 raro
791 3274 915 3339 euenire
941 3274 1029 3355 puto,
1057 3272 1093 3334 ut
1125 3267 1265 3333 codicem

134 3375 272 3457 aliquem
291 3397 327 3441 ex
346 3381 430 3443 certo
454 3379 558 3462 aliquo
579 3381 640 3446 alio
660 3381 852 3464 descriptum
870 3398 939 3444 esse
957 3379 1006 3442 tot
1023 3379 1151 3456 tamque
1170 3373 1264 3438 certis

134 3565 310 3622 describenda
328 3568 375 3623 sed
392 3571 456 3624 huic
475 3570 578 3626 duobus
597 3572 816 3642 quaternionibus
836 3571 991 3640 conscriptis
1010 3568 1100 3623 nescio
1124 3582 1202 3636 quam
1231 3564 1264 3618 ob

136 3671 243 3709 causam
261 3659 419 3712 successisse
438 3659 519 3714 alium
539 3660 679 3730 quendam.
723 3664 839 3715 ceterum
856 3659 995 3713 librarium
1015 3660 1139 3728 quartum
1152 3669 1265 3725 pensum

135 3759 214 3796 suurn
231 3760 286 3798 nou
303 3747 383 3801 simul
401 3763 461 3810 cum
479 3750 576 3803 ceteris
595 3748 751 3818 adgressum
764 3765 822 3802 esse
840 3747 888 3801 sed
907 3747 1050 3802 accessisse
1068 3744 1140 3798 loliis
1159 3741 1265 3796 84-99

135 3831 190 3884 iarn
218 3832 346 3888 confectis
373 3836 431 3890 ueri
457 3853 537 3906 quam
564 3837 728 3891 simillimum
755 3838 808 3890 iarn
836 3852 867 3889 eo
895 3834 1018 3900 efficitur,
1043 3832 1115 3904 quod
1141 3830 1265 3885 librarius

136 3920 233 3974 tertius
260 3921 369 3992 inipso
393 3922 491 3978 desiuit
517 3925 569 3992 line
593 3925 708 3995 paginae
732 3940 766 3978 ue
793 3925 902 3978 minimo
931 3921 1038 3994 quidem
1064 3920 1151 3991 spatio
1180 3934 1265 3972 uacuo

135 4007 238 4063 relicto.
923 4011 925 4013 ’

175 4101 182 4136 ¹
185 4114 195 4172 l
212 4103 349 4166 Nonnulla
369 4103 487 4173 exempla
500 4102 620 4158 contulit
637 4103 727 4171 Meyer
744 4101 773 4155 in
791 4099 996 4172 programmatis
1013 4098 1110 4167 prioris
1127 4113 1153 4166 p.
1173 4095 1198 4149 6.
