2904 4672
599 259 685 328 Epist.
705 259 774 314 XCV
792 262 904 315 54—58.
1256 269 1319 330 389

196 474 379 537 perpessus3
404 454 532 517 audiant
552 455 732 519 Anatolium
755 455 893 519 eiusdem
913 457 995 520 sedis
1015 457 1186 521 antistitem
1205 459 1373 522 cler·un156

196 562 301 643 potius
331 559 708 641 Constantinopolitanum
737 580 829 641 quam
858 581 890 625 se
918 565 1089 643 temptasse
1122 564 1196 626 talia
1228 564 1321 627 confi-

197 670 315 730 tentem
343 671 436 748 atque
460 667 490 728 in
515 667 679 746 apostolici
701 667 854 748 praesulis
878 671 979 731 totum
1005 669 1159 732 dicentem
1183 670 1321 752 positum

195 775 351 855 potestate
377 773 544 853 ipsumque
572 773 699 835 beatum
726 791 836 853 papam
864 774 998 837 Leonem
1027 775 1321 857 sedisapostolicae

165 879 382 960 spraesulem,
415 877 503 940 cuius
537 878 672 959 synodus
697 877 957 942 Chalcedonensis
981 881 1165 943 auctoritate
1201 881 1323 944 firmata

198 991 256 1061 est,
285 983 435 1066 quidquid
462 983 544 1046 ultra
571 1002 663 1064 quam
691 983 728 1045 ab
757 983 865 1047 eodem
889 1005 943 1066 pro
967 985 1027 1048 fide
1051 989 1082 1049 et
1106 987 1321 1050 communione

198 1091 351 1172 catholica
378 1092 471 1171 atque
500 1089 671 1169 apostolica
698 1088 762 1152 illic
791 1091 944 1172 agendum
968 1086 1125 1154 constaret
1148 1085 1216 1154 esse
1241 1092 1321 1154 dele-

197 1200 320 1280 gatum,
348 1214 402 1278 per
429 1194 623 1258 occasionem
651 1195 900 1277 congregationis
923 1197 1008 1260 illius
1027 1201 1149 1278 praeter
1166 1196 1320 1260 Nicaenos

198 1320 330 1367 canones
358 1319 440 1364 noua
462 1300 621 1364 uideretur
644 1298 764 1363 actione
788 1303 984 1383 temptatum,
1010 1302 1185 1385 conpetenti
1206 1303 1321 1366 refuta-

142 1436 179 1497 1ιο
197 1409 282 1471 tione
305 1425 456 1470 caecasse
481 1425 576 1487 eaque
599 1405 800 1470 nihilominus
821 1407 914 1470 etiam
935 1408 992 1471 sub
1013 1412 1136 1472 sanctae
1155 1408 1372 1473 memoriast?

196 1531 277 1594 papa
309 1511 467 1591 Simplicio
499 1511 638 1592 legatum
672 1510 754 1574 sedis
787 1513 974 1592 apostolicae
1003 1517 1126 1577 sanctae
1154 1514 1320 1577 memoriae

196 1618 333 1681 Probum
370 1616 541 1680 Canusinae
578 1616 663 1679 urbis
705 1617 885 1698 episcopum
925 1619 1026 1681 Leone
1067 1619 1204 1700 principe
1244 1620 1320 1681 tunc

196 1727 322 1806 petente
348 1725 508 1804 praesente
537 1722 680 1785 docuisse
708 1723 885 1786 nullatenus
919 1742 1011 1804 posse
1042 1724 1199 1804 temptari
1220 1743 1320 1806 neque

197 1829 247 1892 his
270 1848 396 1911 prorsus
420 1828 598 1910 praebuisse
622 1846 824 1904 consensum3
845 1832 937 1910 atque
956 1830 1025 1893 ideo
1045 1849 1104 1893 non
1124 1830 1163 1892 ad
1182 1829 1320 1893 ciuitatis

154 1967 179 2003 rs
198 1935 366 1999 cuiuslibet
403 1935 570 2017 respiciant
606 1934 788 2014 qualitatem
826 1935 881 1998 sed
916 1935 1041 1999 modum
1081 1935 1319 2016 dispensationis

198 2035 428 2105 ecclesiasticae
462 2043 589 2121 paterna
624 2039 788 2103 traditione
826 2040 982 2103 firmatum
1020 2041 1237 2105 conuenienter
1268 2040 1319 2103 cb·

198 2149 333 2210 seruent.
1138 2214 1140 2216 ,

245 2254 371 2317 Dicatur
406 2255 510 2315 autem
548 2251 584 2314 de
621 2251 823 2315 Alexandrino
861 2256 892 2315 et
932 2252 1123 2316 Antiocheno
1164 2251 1371 2333 episcopis58

199 2358 291 2422 certis
320 2377 355 2419 ex
382 2357 485 2420 causis
514 2355 683 2438 principem
711 2357 811 2438 magis
841 2356 903 2431 illa,
932 2376 1010 2438 quae
1044 2361 1131 2440 gesta
1154 2359 1235 2434 sunt,
1259 2375 1318 2420 non

152 2496 178 2535 20
197 2464 345 2528 Acacium
368 2461 573 2543 praecepisse.
597 2461 652 2525 sed
674 2462 805 2543 principi
834 2461 1008 2526 Christiano
1037 2463 1181 2526 decuerat
1207 2478 1319 2546 sugge-

195 2589 262 2632 rere
278 2569 480 2643 sacerdotem,
494 2567 626 2630 maxime
642 2567 730 2630 cuius
745 2567 955 2630 familiaritate
976 2571 1007 2631 et
1024 2570 1130 2631 factore
1149 2569 1318 2642 fruebatur,

198 2675 318 2738 saluam
352 2673 416 2737 fore
453 2673 490 2736 de
527 2674 665 2736 eiusdem
705 2673 819 2736 iniuria
855 2674 1101 2753 contumeliaque
1137 2674 1317 2750 uindictam,

197 2783 319 2844 tantum
359 2783 396 2843 ut
436 2779 583 2842 ecclesiae
625 2779 739 2842 sineret
780 2778 973 2843 Christianus
1013 2778 1155 2859 princeps
1192 2777 1318 2863 regulas

233 3005 246 3057 1
262 3004 408 3073 'permissus
428 3003 519 3056 audiat
536 3005 563 3056 B
669 3003 833 3056 anatholium
852 3003 878 3054 A
966 3004 982 3054 2
1001 3003 1318 3071 constantinopolitanum

196 3109 338 3160 numquam
357 3109 384 3145 se
402 3093 429 3143 Β
499 3095 658 3160 temptasset
676 3092 729 3144 alia
753 3092 782 3154 V,
801 3095 946 3159 temptasse
966 3090 1019 3142 alia
1036 3090 1089 3144 ΒΑ
1155 3091 1172 3141 3
1191 3093 1272 3158 atque
1291 3094 1317 3142 iu

200 3181 294 3235 VRA:
312 3181 358 3233 sed
378 3180 411 3232 ad
430 3181 521 3234 eadem
539 3181 566 3232 B
619 3181 736 3248 positum
755 3180 906 3247 expositus
925 3177 1038 3231 coruli
1056 3181 1168 3230 mam2
1207 3180 1317 3247 4pcte-

196 3271 293 3321 statem
311 3269 338 3319 Β
415 3268 552 3335 ipsumque
571 3267 737 3320 Facundus:
754 3267 863 3334 ipseque
882 3268 916 3333 B,
936 3268 1021 3335 ipsum
1046 3266 1123 3320 VRA
1212 3269 1227 3320 5
1247 3265 1311 3320 Calc

195 3373 251 3425 syn.
271 3359 339 3409 auct.
358 3361 421 3424 trcp.
439 3356 475 3419 R,
494 3373 549 3424 syn.
570 3360 637 3408 auct.
658 3354 727 3408 Calc.
746 3355 773 3406 A
861 3353 1020 3422 dquicquid
1036 3353 1091 3408 Ra
1175 3353 1266 3407 eadem
1284 3353 1318 3418 Β,

196 3445 301 3497 desset
318 3444 345 3498 Β
363 3447 473 3496 credat)
526 3445 629 3497 Curtio
649 3447 676 3496 et
694 3444 900 3512 impietatumB
955 3443 986 3496 10
1005 3457 1132 3494 uacuasse
1150 3440 1318 3494 Facundus:

195 3538 334 3586 uacuasset-
357 3533 406 3585 VA
424 3537 449 3585 et
467 3538 531 3586 uate
548 3549 602 3586 ras.
622 3532 657 3592 Β,
677 3549 802 3585 euauasse
820 3533 847 3585 B
933 3534 963 3586 ll
984 3548 1053 3600 papa
1072 3529 1226 3599 Simplicio.
1243 3572 1248 3582 .
1263 3546 1318 3583 me·

197 3622 296 3674 moriae
315 3637 365 3674 ont.
384 3621 411 3673 Β
475 3621 506 3673 12
526 3622 646 3690 canosine
665 3621 738 3682 RA¹‚
758 3638 852 3673 causae
870 3622 897 3673 B
957 3619 989 3671 13
1008 3622 1156 3688 presentem
1174 3617 1201 3669 Β
1271 3634 1317 3684 po·

194 3711 291 3763 tuisset
308 3710 335 3761 Β
405 3708 552 3779 teptariV
620 3725 667 3761 nec
685 3709 739 3763 ΒΑ
807 3710 839 3770 15
857 3709 1002 3776 respiciunt
1020 3709 1045 3758 B
1114 3707 1146 3759 16
1165 3708 1321 3775 paternater

194 3798 382 3851 natraditionis
400 3799 427 3849 Β
481 3797 513 3850 18
533 3796 565 3849 de
584 3813 633 3850 om.
653 3797 679 3849 A
750 3797 887 3849 antioceno
905 3796 986 3849 ΒΒΑ
1058 3794 1188 3863 episcopis
1207 3810 1256 3847 orn.
1270 3794 1318 3846 ΒΣ

197 3887 229 3940 19
248 3887 364 3954 principe
384 3887 409 3938 B
445 3887 479 3939 20
497 3886 640 3954 precipisse
659 3886 685 3936 B
739 3885 863 3937 decuerat
881 3901 913 3938 erc
932 3883 1058 3936 docuerat
1077 3898 1143 3935 corr.
1167 3882 1318 3934 Vman.2

195 3991 333 4043 seggerere
357 3975 383 4027 V
468 3975 499 4026 21
525 3973 687 4027 sacerdotem
710 3974 784 4026 ΒΣΑ
808 3979 831 4025 et
854 3989 886 4026 cx
909 3972 1040 4024 sacerdoti
1063 3987 1130 4023 corr.
1149 3970 1176 4023 Β
1195 3986 1267 4022 man.
1284 3974 1318 4021 ¹2:

194 4063 359 4115 sacerdotum
382 4063 408 4115 V
475 4063 566 4115 sabone
585 4063 610 4114 B
673 4064 707 4114 22
727 4063 827 4114 saluum
846 4062 873 4112 Β
944 4060 1062 4113 ciusdem
1085 4059 1176 4114 VRA:
1194 4059 1250 4112 eius
1269 4058 1316 4110 ΒΣ

197 4153 230 4205 23
250 4151 407 4205 christianos
426 4152 452 4205 Β
