2904 4672
165 188 205 250 72
311 184 352 237 De
370 183 412 238 his
431 200 498 254 quae
517 184 589 237 inter
605 184 772 239 Bonifatium
791 187 819 238 et
837 184 972 238 Eulaliurn
990 187 1151 254 gestarunt

162 379 266 442 tamen
296 380 327 441 et
355 381 461 442 contra
488 377 564 441 haec
593 378 782 459 apostolicae
810 377 1019 442 institutionis
1042 378 1125 443 bona
1147 378 1184 442 da
1209 397 1297 461 prae-

121 491 140 552 2
164 484 299 564 sumptis
327 503 381 566 per
406 483 473 547 uim
500 484 673 567 parietibus
702 483 859 548 existimet
883 483 1110 549 confidendum.
1180 502 1296 548 ouere

163 588 257 671 digna
275 607 378 665 causa,
398 607 491 670 quam
510 609 570 653 non
589 589 650 653 nisi
674 608 804 655 coronae
827 593 900 653 tuae
923 589 1016 653 beata
1037 589 1106 653 uita
1128 589 1295 673 discingat.

163 693 295 757 dilatum
321 694 427 776 itaque
455 693 608 759 iudicium
635 695 829 772 nuntiamus,
858 697 895 759 ut
925 694 1031 759 diuina
1061 697 1229 777 praecepta
1260 713 1296 759 ex

161 798 368 863 uenerationis
391 801 464 863 tuae
488 818 540 864 ore
562 803 754 882 promantur,
773 799 827 882 qui
851 818 888 863 ea
911 801 1039 863 secutus
1062 799 1213 882 implesti.
1238 816 1294 862 neo
1323 824 1335 863 s

161 907 267 987 potest
303 901 382 968 alius
415 924 521 969 eorum
557 907 794 987 praeceptorum
826 905 908 970 lator
939 906 1080 983 existere,
1113 924 1208 988 quam
1240 905 1294 988 qui

120 1011 286 1094 stignus
314 1011 447 1094 apostoli
486 1011 660 1093 discipulus
698 1011 877 1094 approbaris
915 1011 1103 1093 specialiter.
1186 1011 1293 1093 itaquo

136 1151 137 1154 π
164 1117 288 1181 domine
317 1120 434 1195 sancte,
462 1117 573 1182 merito
601 1117 788 1182 uenerabilis
816 1120 914 1200 pater,
942 1117 1047 1180 iustus
1072 1116 1121 1181 dei
1144 1115 1292 1195 fanrulus,

165 1222 305 1286 diuinum
338 1239 416 1305 opus
445 1225 621 1305 contempto
644 1223 749 1288 labore
776 1223 952 1287 tributurus
981 1222 1040 1287 hoc
1067 1221 1157 1287 nobis
1185 1222 1293 1286 uisita-

163 1327 257 1392 tionis
277 1330 360 1405 tuae,
381 1329 408 1392 si
426 1327 471 1392 ita
490 1327 655 1393 direndum
674 1331 731 1405 est,
750 1347 865 1392 munus
888 1328 1026 1412 indulge,
1049 1331 1086 1391 ut
1107 1327 1293 1410 postpositis
1310 1356 1332 1395 10

165 1433 320 1510 omnibus,
353 1434 499 1515 quoniam
531 1436 695 1517 temperati
732 1436 812 1499 acris
848 1434 1057 1516 tranquillitas
1095 1434 1292 1517 suffragatur,

165 1539 282 1622 synodo
306 1540 506 1621 praefuturus
531 1540 598 1604 siue
621 1541 850 1611 intermissione
875 1540 968 1605 etiam
993 1539 1153 1604 desideriis
1177 1540 1293 1604 nostris

167 1649 198 1709 ot
220 1643 443 1722 benedictioni,
467 1665 559 1728 quam
585 1647 740 1729 cupimus,
764 1650 795 1711 te
818 1651 974 1729 praestare
999 1645 1144 1729 digneris.

336 2069 408 2113 I'IEII
430 2069 563 2114 EIUSDEM
585 2070 740 2116 Prun'clrls
764 2072 806 2114 Al)
830 2050 996 2116 Episcopus
1020 2069 1127 2115 druos.
1311 2094 1333 2137 ω

212 2171 367 2237 Serenitas
397 2176 505 2237 nostra
531 2193 602 2238 cum
629 2175 660 2238 in
689 2176 832 2239 omnibus
856 2175 959 2239 causis
982 2179 1050 2239 tum
1073 2175 1239 2258 praecipue
1262 2177 1293 2238 in

166 2279 226 2352 lris,
261 2296 339 2359 quae
369 2278 407 2342 ad
440 2279 649 2343 uenerabilem
686 2280 867 2364 religionem
904 2281 1070 2362 pertinent,
1106 2300 1294 2364 perpensum

123 2396 142 2456 2
166 2384 253 2466 cupit
271 2384 384 2449 habere
402 2384 564 2449 iudicium.
625 2385 662 2450 de
686 2386 859 2452 sacerdotio
883 2387 970 2451 urbis
994 2390 1134 2452 aeternae
1158 2391 1294 2452 exortam

166 2489 395 2556 contentionem
429 2491 522 2557 etiam
555 2495 642 2556 trans
678 2492 776 2556 maria
810 2490 872 2556 iam
912 2492 1067 2556 oredimus
1104 2492 1292 2558 nuntiatum.

166 2615 245 2679 quae
274 2615 292 2659 a
318 2594 426 2678 paucis
454 2615 514 2661 non
538 2597 643 2680 potuit
664 2597 824 2661 terminari
847 2601 879 2662 et
900 2597 970 2662 ideo
994 2598 1164 2663 multorum
1187 2617 1293 2664 neces·
1310 2628 1335 2670 so

123 2701 283 2775 3sarium
315 2704 439 2766 constat
471 2721 540 2768 esse
571 2702 733 2767 iudicium.
767 2708 955 2786 quapropter
991 2703 1140 2768 sanot'tas
1176 2708 1293 2781 uestra,

166 2826 244 2890 qnos
272 2806 357 2871 uitae
384 2807 502 2872 bonum
530 2812 562 2873 et
588 2809 669 2893 legis
698 2807 839 2874 doctrina
867 2808 1073 2884 commendat,
1101 2809 1183 2873 intra
1210 2809 1293 2873 diem

165 2914 279 2978 Iduum
311 2913 470 2978 Iuniarum
499 2915 538 2978 acl
565 2913 749 2998 Spolitinam
779 2915 940 2979 ciuitatem
970 2914 1139 2997 amputatis
1168 2933 1292 2980 excusa-

165 3019 304 3085 tionibus
327 3039 490 3102 properare
514 3019 667 3104 dignetur,
690 3022 728 3085 ut
749 3020 791 3099 id,
816 3018 900 3104 quod
922 3021 1038 3085 ueritas
1061 3020 1114 3084 uel
1131 3020 1292 3104 religionis

166 3143 274 3190 norma
302 3124 474 3203 dictaucrit,
504 3125 560 3191 deo
586 3126 704 3208 pariter
731 3129 915 3191 cunctorum
947 3126 1105 3191 mentibus
1137 3127 1292 3209 aspirante
1309 3157 1333 3196 1

167 3231 321 3295 sententia
347 3232 510 3310 iudicetur,
540 3251 578 3296 ne
607 3232 726 3296 diutius
753 3232 943 3314 apostolicae
972 3232 1054 3297 sodis
1083 3232 1290 3297 sacerdotium

168 3337 336 3401 differatur.

204 3624 217 3676 1
238 3625 265 3675 et
281 3622 389 3692 Meyer:
406 3626 438 3676 ut
460 3622 486 3676 V
519 3624 535 3678 6
554 3624 623 3677 alius
642 3640 674 3678 ex
693 3623 766 3678 aliud
785 3640 851 3679 corr.
876 3624 902 3678 V
940 3626 970 3679 11
991 3624 1171 3694 temperantia
1190 3625 1240 3678 eris
1260 3623 1289 3688 V,

99 3767 104 3776 ,
167 3727 234 3765 corr.
249 3709 356 3780 Meyer:
374 3712 551 3780 temperantia
569 3713 638 3765 aeris
657 3716 685 3766 et
703 3711 729 3763 ο2
784 3714 816 3766 12
835 3712 952 3782 synodus
975 3712 1007 3775 V,
1026 3729 1094 3771 corr·
1113 3710 1140 3763 0²

201 3799 251 3852 uo.
286 3798 354 3853 Dat.
370 3799 414 3853 aa
426 3803 468 3854 20
479 3800 566 3854 Mart.
584 3803 645 3855 cro.
716 3801 948 3856 11111111.
965 3804 1082 3865 419‚21.
1138 3801 1170 3855 15
1184 3786 1246 3869 epil
1260 3799 1288 3860 r.

168 3887 201 3941 16
219 3886 343 3941 seriuitss
366 3887 392 3941 V
460 3896 523 3942 tunc
542 3888 572 3954 V,
587 3905 655 3943 corr.
672 3887 698 3939 ο2
753 3889 785 3942 18
804 3891 894 3942 exorta
906 3889 1075 3942 contentione
1095 3888 1126 3952 V,
1141 3903 1209 3943 corr.
1224 3903 1289 3940 ono·

166 3991 263 4046 aymus
279 3975 310 4028 ia
329 3975 438 4031 ‘Archia
450 3976 504 4044 scir
518 3976 566 4032 lat.
580 3975 802 4046 Lexiccprcpdc'e’
822 3976 901 4045 VIp.
920 3978 979 4029 304
1015 3977 1048 4030 23
1061 3975 1196 4030 Iuniarum
1208 3976 1290 4029 Bur..-

166 4063 312 4117 ianuorium
336 4064 367 4131 V,
385 4064 566 4120 Ianuariarum
586 4064 665 4119 Sirm.
