2904 4672
167 216 208 281 90
449 210 574 282 Epistula
590 210 699 265 Maximi
717 209 750 265 ad
769 209 892 264 Siricinm
910 224 1007 280 papam

166 421 247 468 nunc
288 400 434 485 sacrilegi
473 399 673 466 iudicentur?
707 399 808 464 isdem
845 401 931 464 certe
966 398 1150 482 praeceptis,
1187 398 1292 464 isdem

167 507 369 574 sacramentis
393 505 488 572 dicati
511 506 620 572 eadem
642 505 703 572 fido
726 506 864 584 credunt,
898 524 957 588 qua
979 507 1050 570 ante
1082 504 1292 574 crediderunt.

122 625 143 690 6
166 634 204 679 an
227 615 319 697 putat
341 612 527 678 uenerabilis
558 611 635 676 mihi
658 612 807 678 serenitas
830 615 886 676 tua
916 614 1094 694 conceptam
1127 611 1227 678 semel
1259 603 1290 675 in

165 719 276 792 animis
299 719 461 785 hominum
483 717 677 802 religionem
702 737 796 801 quam
819 717 896 784 deus
919 717 986 801 ipse
1006 717 1181 791 constituit.
1194 726 1291 800 posse

165 824 324 893 conuelli?
364 826 496 908 quantae
534 842 570 888 ax
602 824 662 890 hoc
699 822 872 889 discordiae
909 823 1146 889 excitabuntur?
1174 825 1292 907 quanta
1321 837 1335 878 ⁶

165 931 319 998 contentio
358 931 538 997 oboriatur?
570 949 664 1014 quam
700 931 823 995 crebrae
851 934 883 996 et
903 929 1069 1014 pestiferae
1097 929 1291 996 seditiones?

166 1041 281 1120 quanta
303 1039 336 1102 et
357 1055 450 1120 qnam
473 1036 687 1120 peruenientia
715 1035 754 1101 ad
786 1037 879 1101 deum
910 1039 986 1102 uota
1016 1036 1182 1115 iustorum,
1217 1054 1292 1100 cum

164 1145 246 1208 inter
268 1142 471 1222 Christianos,
495 1143 579 1226 qnod
602 1141 689 1208 dictu
713 1142 757 1208 sit
778 1142 876 1220 nefas,
892 1142 1042 1225 quaedam
1061 1141 1290 1226 persecutionis

119 1264 139 1327 p
162 1248 267 1333 imago
290 1251 457 1314 nascatur?
519 1248 647 1327 uideris,
670 1247 701 1314 in
725 1266 817 1331 quam
841 1246 962 1332 partem
984 1249 1063 1314 hano
1087 1247 1289 1314 sedulitatem

165 1359 305 1421 nostram
328 1354 552 1439 interpreteris;
575 1355 662 1420 nullo
686 1357 768 1420 certe
790 1355 907 1421 maiore
931 1373 1042 1440 genere
1057 1373 1162 1419 curam
1186 1372 1290 1419 meam
1307 1369 1332 1415 1o

166 1462 256 1534 circa,
271 1461 466 1528 clementiam
489 1462 578 1525 tuam
600 1461 732 1543 probare
752 1463 774 1544 †
796 1463 828 1524 te
850 1478 953 1545 posse,
976 1459 1155 1544 quamcito
1173 1460 1289 1537 horter,

164 1570 202 1632 ut
223 1566 365 1633 desinas:
386 1569 463 1650 puto
483 1567 565 1632 enim
588 1584 805 1652 recognoscas,
829 1566 912 1651 qnod
934 1585 1024 1632 nemo
1054 1567 1114 1632 hoc
1146 1564 1292 1631 suaderet

119 1698 120 1702 ¹
164 1672 322 1738 inimicus.
345 1673 422 1738 haec
446 1672 622 1739 amabiliter
644 1693 662 1738 a
684 1673 773 1738 nobis
793 1673 877 1739 dicta
891 1691 958 1738 esse
974 1674 1098 1757 optout
1110 1672 1289 1756 intellegas,

120 1794 140 1858 8
164 1797 254 1862 spero
278 1778 362 1862 quod
385 1777 502 1845 credas.
569 1779 651 1844 unde
675 1797 811 1861 aequum
832 1777 999 1844 admodum
1029 1781 1087 1857 est,
1111 1797 1149 1843 ne
1180 1780 1290 1843 sancto

165 1883 285 1950 numini
326 1884 429 1950 dicata
469 1885 637 1964 concedas,
678 1885 800 1950 ltaliam
843 1903 966 1950 omnem
1006 1886 1038 1950 at
1081 1883 1291 1950 uenerabilem
1308 1898 1333 1940 ιι

164 1991 296 2056 Romam
320 1994 503 2074 ceterasque
521 1990 698 2075 prouincias
722 1990 789 2056 suis
808 1990 961 2070 ecelesiis,
985 1989 1052 2056 suis
1075 1988 1292 2055 sacerdotibus
1315 2058 1317 2062 ,

165 2094 278 2162 reddas
299 2116 400 2180 neque
421 2099 454 2161 ta
476 2096 600 2163 medius
622 2097 799 2174 interseras,
823 2113 895 2162 cum
925 2097 972 2162 las
1004 2095 1047 2162 sit
1076 2095 1202 2174 iustius,
1236 2096 1291 2178 qui

166 2223 184 2267 a
220 2203 375 2271 catholica
397 2203 531 2269 ccclesia
545 2201 755 2268 >arrianorum
786 2202 1041 2286 interpretatione
1077 2201 1290 2277 discesserint,

166 2326 300 2373 errorem
322 2327 415 2373 suum
439 2327 514 2373 uera
535 2307 686 2392 religione
718 2310 839 2372 mutare
862 2326 955 2390 quam
978 2310 1061 2373 recte
1083 2305 1292 2372 sentientibus

166 2433 257 2479 suam
279 2414 439 2479 inmittere
461 2413 659 2497 pronitatem.
1311 2430 1338 2472 ao

219 2744 333 2792 moros
371 2746 495 2794 noros
532 2747 663 2793 minus
703 2747 879 2794 armannus
920 2746 1134 2794 rarumnnron
1175 2742 1296 2793 sumna

164 2850 322 2899 saoneres
347 2851 459 2899 srarcro
477 2853 623 2900 rnannrr.
665 2833 854 2916 Accepimus
873 2834 994 2901 litteras
1014 2833 1189 2900 sanctitatis
1207 2836 1294 2913 tuae,

165 2953 243 3024 quae
265 2939 354 3011 nobis
377 2940 462 3005 inere
486 2939 684 3026 gratissimae
707 2932 847 3023 qinaeque
870 2941 961 3025 plane
989 2944 1021 3006 et
1047 2939 1163 3006 nomini
1191 2957 1294 3005 sacer-

165 3042 248 3112 dotis
280 3047 313 3110 et
351 3044 498 3129 dignitati
531 3044 619 3111 urbis
659 3044 929 3129 splendidissimae
966 3044 1176 3111 conuenirent.
1216 3044 1294 3111 fidei
1313 3058 1341 3099 ¹⁶

164 3167 239 3215 uero
263 3149 445 3229 catholicae,
470 3151 507 3216 da
526 3151 800 3233 quaelementiam
813 3155 952 3216 nostram
968 3151 1127 3217 consulere
1148 3151 1293 3233 uoluisti,

165 3274 227 3338 quo
249 3252 350 3321 maius
375 3255 455 3322 circa
477 3276 528 3322 me
551 3259 583 3322 et
606 3257 740 3339 speciale
766 3257 920 3323 iudicium
942 3256 1117 3322 diuinitatis
1140 3257 1292 3341 experior,

165 3360 224 3426 lioc
246 3351 296 3426 me
320 3361 467 3427 confiteor
490 3381 597 3431 curam
618 3364 733 3428 habere
755 3364 911 3440 maiorem,
936 3363 990 3446 qni
1012 3362 1162 3437 uidelicet
1188 3366 1220 3427 et
1251 3366 1294 3430 ad

164 3465 331 3550 imperium
354 3469 391 3533 ab
414 3468 484 3551 ipso
508 3469 615 3534 stetim
639 3470 770 3535 salutari
797 3472 881 3535 fonte
914 3469 1143 3545 conscenderim
1175 3472 1207 3533 et
1238 3470 1293 3536 cui

201 3655 338 3712 lhisdem
355 3663 469 3726 utroque
486 3658 544 3713 loco
567 3658 594 3711 V
644 3658 824 3713 9sedalitate
847 3659 879 3724 V,
899 3675 1001 3730 corap
1056 3660 1087 3714 11
1106 3657 1219 3730 probare
1237 3659 1293 3715 tibi

164 3760 268 3817 possam
278 3743 313 3809 ol,
326 3746 436 3815 probare
450 3747 521 3800 recta
535 3763 640 3816 possem
649 3745 758 3814 Hortcl,
767 3747 874 3818 probari
883 3747 961 3802 credo
970 3749 1048 3817 poas'e
1057 3747 1152 3817 Meyer
1188 3749 1221 3802 12
1232 3764 1292 3803 rac-

166 3834 349 3902 ongnoscaaV
402 3834 433 3888 17
448 3834 564 3888 mediam
578 3832 605 3886 ο2
659 3835 692 3890 18
710 3835 908 3892 interuentione
927 3835 996 3891 Bur.
1014 3836 1045 3888 ior
1062 3850 1146 3903 maru.

199 3920 246 3975 4⁰.
281 3920 350 3978 Dat.
369 3928 401 3977 at
417 3922 526 3977 uidetur
543 3922 625 3977 etiam
643 3939 718 3979 auno
738 3925 805 3978 385.
867 3923 941 3979 Eae.
964 3923 1027 3977 Car.
1045 3922 1075 3975 1¹
1093 3925 1146 3989 48,·
1162 3921 1232 3976 Bar.
1252 3925 1294 3978 ad

166 4025 192 4063 o.
212 4011 279 4076 387,
299 4011 350 4075 65,·
367 4008 466 4066 collect
487 4011 603 4078 Concita
623 4011 791 4066 CouetautI
802 4014 868 4080 6¹40.
923 4011 958 4064 23
976 4010 1076 4080 syricio
1096 4011 1122 4064 V
1172 4011 1208 4064 25
1226 4026 1291 4065 con-

165 4111 261 4150 uenere
279 4096 436 4152 dubitanter
451 4097 546 4167 Meyer
