2904 4672
175 277 238 342 422
375 269 476 327 Gelasii
493 271 515 325 1.
534 271 607 325 dicta
625 269 752 324 aduersus
770 269 944 339 Pelagianam
961 269 1094 324 baeresim

172 467 345 544 fornicatio,
388 485 449 548 qua
489 466 591 530 anima
631 465 783 529 alienatur
818 483 836 527 a
873 464 939 543 deo,
980 467 1011 529 et
1046 464 1176 546 spiritus
1212 464 1304 546 praui

173 575 353 657 contagium
372 577 436 637 tam
454 572 563 637 reddat
581 575 798 654 utrum<qne>
819 571 985 655 coniugem
1000 570 1184 636 detestanda
1198 570 1303 636 conin-

173 681 351 764 quinatione
368 681 573 758 maculatum,
593 697 687 760 quam
705 678 743 742 ab
762 677 818 742 illa
840 676 911 757 fide,
931 697 1009 759 quae
1032 676 1125 743 corda
1147 677 1303 770 purificat,

120 783 313 851 cosummat
349 784 525 849 diuinitatis
568 786 722 849 externus.
783 783 893 849 deinde
933 804 993 848 non
1033 783 1303 861 inrationabiliter,

173 898 322 976 qnantum
337 892 478 970 arbitror,
494 893 526 956 et
537 890 619 955 illud
633 890 799 968 concurrit,
817 893 855 954 ut
872 890 1011 955 oratione
1028 888 1130 954 fidelis
1149 890 1303 972 cuiusque
1333 907 1345 947 e

172 1000 314 1083 coniugis
342 998 436 1064 etiarn
463 996 583 1062 infideli
605 996 821 1062 misericordia
843 1004 1094 1079 quantacumque
1116 999 1303 1079 praestetur,

174 1107 225 1169 nel
246 1105 316 1188 ipsa
338 1106 433 1181 corte,
456 1121 536 1186 quae
560 1103 599 1168 ad
622 1103 757 1169 salntem
779 1102 934 1185 pertineat
954 1101 1169 1185 temporalem.
1192 1102 1225 1167 in
1244 1121 1305 1184 qua

170 1210 384 1276 misericordia
409 1229 471 1274 non
498 1229 609 1293 parum
636 1209 761 1275 diuinae
788 1209 917 1292 pietatis
945 1208 1082 1291 adquirit
1109 1212 1142 1274 et
1166 1227 1224 1292 per
1244 1209 1305 1273 hoc

168 1317 345 1383 secundnm
385 1316 539 1398 quendam
579 1314 708 1381 modum
748 1316 904 1398 particeps
946 1315 1070 1379 diuinae
1111 1314 1304 1399 dignationis

168 1423 302 1488 effectus
326 1422 466 1487 edicitur.
492 1416 625 1487 sienim
649 1421 746 1499 cibos,
772 1421 825 1503 qui
847 1439 902 1503 per
923 1419 1027 1504 legem
1051 1439 1169 1484 sacram
1190 1421 1304 1485 descri-
1321 1440 1344 1480 ιι

171 1529 288 1594 buntur
309 1529 461 1606 inmundi,
484 1548 540 1612 per
561 1528 694 1593 uerbum
713 1528 763 1592 dei
782 1527 970 1593 sanctificari
987 1530 1123 1593 testatur
1141 1529 1304 1610 apostolus

172 1634 268 1718 (unde
296 1635 390 1700 etiam
419 1635 499 1699 illud
528 1638 592 1700 est:
622 1633 727 1716 quod
757 1634 854 1699 deus
881 1633 1109 1709 mundanit,
1137 1635 1181 1697 tn
1210 1653 1304 1699 conr-

169 1760 284 1806 mnne
316 1760 361 1806 ne
394 1739 573 1824 dixeris),
606 1760 665 1805 non
700 1740 761 1805 erit
790 1739 961 1805 absurdum
987 1759 1044 1804 nec
1071 1739 1303 1815 inoouueniens‚

173 1849 256 1930 quod
278 1847 458 1930 perfidelis
481 1847 625 1932 coniugis
648 1866 783 1931 precem,
807 1866 901 1929 quam
923 1846 991 1911 fieri
1012 1865 1069 1929 pro
1090 1847 1161 1930 ipsa
1184 1851 1304 1913 certum

173 1956 223 2018 est
249 1952 413 2018 affectione
440 1952 588 2036 coniugii,
617 1952 737 2034 aliquid
764 1951 859 2016 etiam
885 1950 1020 2016 infidelis
1049 1952 1160 2017 coniux
1194 1953 1342 2018 sancti-1⁶

172 2058 327 2123 dicationis
358 2078 415 2141 per
445 2057 692 2123 misericordiam
722 2057 873 2136 diuinam,
906 2077 999 2140 qnam
1030 2057 1132 2122 fidelis
1161 2058 1304 2143 coniugis

172 2165 319 2246 implorat
364 2164 564 2246 supplicatio,
606 2167 815 2246 consequatur
853 2165 1008 2248 longeque
1049 2163 1182 2240 differat,
1223 2166 1306 2231 sicut

171 2271 295 2337 dictum
318 2273 376 2350 est,
401 2271 439 2336 ab
462 2272 518 2337 illo
542 2271 686 2350 conubio,
709 2271 741 2335 in
766 2291 827 2354 quo
850 2270 976 2353 utrique
999 2271 1150 2355 coniuges
1175 2291 1193 2336 a
1215 2290 1304 2336 uerae

174 2377 352 2442 diuinitatis
389 2377 526 2460 puritate
563 2382 638 2442 sunt
674 2379 769 2442 exteri
807 2381 838 2442 et
866 2377 1047 2443 trisitatione
1079 2379 1221 2444 submoti
1254 2379 1306 2442 sed

174 2482 341 2549 inmundos
373 2484 499 2567 utrique
529 2484 662 2567 spiritus
693 2484 974 2566 inuocantes'pari
1009 2484 1200 2549 inmunditia
1234 2487 1341 2549 suut„

123 2587 290 2654 tererem.
323 2609 393 2653 nam
416 2590 445 2654 si
468 2589 699 2671 comparatione
721 2590 842 2655 leuium
865 2591 917 2654 uel
939 2589 1083 2674 grauium
1106 2593 1305 2672 peccatomm

175 2693 366 2760 iustificatus
394 2695 510 2761 dicitur
536 2695 574 2760 ab
603 2715 650 2773 eo,
679 2695 733 2778 qui
754 2696 926 2761 maioribus
951 2700 999 2760 est
1020 2696 1107 2760 uitiis
1130 2697 1304 2770 inuolatus,

174 2801 229 2867 ille
252 2821 346 2884 quem
368 2803 470 2868 minor
489 2806 595 2867 reatus
618 2802 756 2868 inuoluit
778 2803 876 2885 (sicut
897 2801 1013 2868 dicitur
1035 2803 1073 2866 ad
1096 2802 1303 2881 Hierusalem,

176 2926 255 2989 qnae
277 2910 352 2972 tuno
376 2907 540 2972 criminum
566 2911 597 2972 et
619 2907 920 2990 praeuaricationum
942 2908 1126 2972 inmanitate
1148 2908 1303 2975 demebat:

174 3012 432 3078 iustificasti
460 3033 638 3080 sororem
665 3017 769 3078 tuam
799 3011 1037 3101 Sodomam:
1065 3017 1182 3096 quanto
1205 3017 1337 3100 magis*

168 3119 356 3184 iustificatio
390 3122 443 3184 uel
474 3120 680 3185 sanctificatio
713 3122 773 3185 etsi
805 3140 864 3185 non
899 3121 994 3202 plena
1029 3123 1122 3202 atque
1159 3123 1302 3204 perfecta,

176 3226 348 3290 secundum
376 3230 480 3290 tamen
510 3227 664 3309 quendam
692 3227 818 3293 modum
843 3230 1043 3310 conpetenter
1066 3228 1229 3310 accipitur,
1253 3230 1303 3294 ubi

54 3418 57 3424 .
176 3350 234 3396 non
255 3333 356 3396 solum
378 3331 541 3404 afide<li>
561 3333 693 3416 coniuge
711 3332 815 3397 minus
838 3336 987 3415 peccatur·
1010 3333 1065 3397 sed
1088 3334 1126 3397 ab
1151 3353 1188 3399 eo
1212 3335 1301 3399 etiam

265 3627 295 3678 ll
317 3625 349 3679 cf.
368 3625 435 3679 Tim.
454 3626 467 3678 l
486 3629 510 3689 4,
530 3629 546 3680 5
602 3628 634 3679 12
654 3627 809 3689 lct:11‚9
864 3627 899 3680 2ὁ
918 3627 950 3680 cf.
970 3625 1065 3680 Erech.
1087 3628 1128 3692 lo,
1147 3630 1259 3685 46-51.

211 3804 227 3856 2
245 3804 309 3870 fort.
329 3803 419 3856 reddit
489 3806 579 3856 utrum
603 3803 633 3869 V,
653 3819 719 3858 corr.
740 3801 766 3872 ρ2
853 3804 870 3856 4
890 3807 1012 3856 externus
1036 3803 1072 3856 V:
1091 3809 1152 3857 ‘aut
1170 3807 1300 3859 externum

177 3891 315 3960 dependam
334 3897 384 3945 aut
400 3892 581 3960 supplendum
598 3894 647 3945 est*
671 3892 750 3946 Tbiel
803 3893 837 3946 10
856 3892 967 3945 effectus
991 3891 1021 3954 V,
1041 3908 1109 3946 corr.
1129 3891 1157 3962 p²
1211 3895 1243 3947 12
1261 3909 1300 3946 co-

176 3997 255 4033 mune
278 3979 305 4033 V
390 3981 423 4034 14
448 3980 540 4033 fideles
565 3981 692 4050 coniuges
720 3980 751 4043 V,
777 3997 845 4034 corr.
867 3979 893 4048 ρπ
982 3982 1013 4034 16
1040 3997 1119 4050 quarn
1145 3981 1184 4052 p²:
1211 3979 1304 4052 queV

178 4069 210 4120 19
229 4068 385 4122 uisitatione
406 4068 441 4135 (P)
465 4069 558 4122 Tbiel:
575 4070 695 4122 uisitarie
718 4069 751 4133 V,
770 4069 921 4122 uoluntario
939 4069 1038 4141 Marcei
1127 4072 1162 4125 20
1181 4069 1300 4125 inmundo

83 4158 86 4162 '
176 4156 297 4224 utrisque
323 4156 352 4219 V,
372 4173 473 4210 corre
539 4156 572 4211 23
591 4156 722 4211 hirlmV
786 4157 821 4212 28
840 4155 914 4212 fideli
933 4175 960 4211 o:
979 4158 1031 4211 fide
1054 4158 1081 4211 V
