2904 4672
176 267 240 332 364
349 263 471 317 Gelasins
490 263 510 319 Ι,
530 266 623 317 contra
640 264 813 332 Pelagiauam
831 264 961 318 haeresim
980 264 1014 318 nd
1031 266 1145 320 Picenos

174 457 308 521 infantes
341 455 557 520 tantummodo
589 455 621 518 in
653 474 783 539 regnum
816 457 972 521 caelomm
1002 457 1047 523 ire
1078 477 1139 524 non
1168 459 1301 534 rrnleant,

174 582 235 627 non
254 566 359 627 autem
377 563 528 645 perpetua
546 561 786 637 damnatio<ne>
807 562 984 644 puniantur,
1003 563 1077 628 dum
1102 563 1168 628 sine
1186 564 1301 646 baptis·

174 671 258 732 mate
295 685 407 748 corpus
445 669 477 730 et
512 666 696 747 sanguinem
730 665 846 732 Christi
877 687 933 732 nec
966 669 1056 734 edere
1088 670 1214 734 ualeant
1248 689 1301 734 nec

174 777 293 856 potare,
327 772 398 837 sine
425 772 484 836 hoo
517 774 621 836 autem
653 771 752 836 uitam
783 772 815 836 in
847 777 947 837 semet
977 774 1055 857 ipsis
1091 775 1205 840 habere
1241 795 1299 839 non

173 880 305 962 possint,
334 879 399 944 sine
427 878 494 942 uita
520 897 594 942 uero
627 897 702 944 non·
720 878 781 942 nisi
812 880 928 944 mortui
959 880 1022 945 sint
1052 881 1162 946 futuri.
1197 881 1302 947 dicant
1328 904 1340 944 ι

173 976 280 1068 igitur,
307 985 339 1048 in
366 988 465 1049 morte
492 987 643 1066 perpetua
670 985 833 1049 constituti
861 986 975 1051 sinon
1004 987 1211 1051 aestimentur
1233 1007 1300 1052 esse

176 1090 327 1167 damnati3
359 1090 472 1154 tollant
502 1107 574 1172 ergo
607 1089 644 1153 de
675 1089 778 1154 medio
811 1091 914 1156 nescio
947 1111 1041 1174 quem
1071 1093 1134 1175 ipsi
1161 1093 1299 1170 tertium,
1332 1179 1335 1183 Ι

175 1215 267 1277 quem
296 1194 485 1277 decipiendis
512 1195 652 1277 paruulis
679 1195 808 1274 faciunt,
835 1197 941 1261 locum
969 1201 1010 1276 et,
1043 1199 1118 1280 quia
1148 1217 1208 1263 non
1241 1199 1299 1262 uisi

175 1302 311 1365 dextram
343 1303 463 1383 partem
495 1299 630 1383 legimus
663 1302 694 1364 et
726 1300 894 1378 sinistram,
926 1318 986 1365 non
1018 1301 1091 1367 illos
1122 1303 1240 1367 faciant
1269 1304 1299 1366 in

176 1406 302 1472 sinistra
335 1405 461 1488 regione
498 1405 564 1468 sine
604 1404 792 1486 baptismate
832 1424 988 1470 remanere
1030 1406 1086 1472 sed
1124 1408 1298 1489 baptizatos
1314 1431 1337 1471 ιι

175 1511 279 1575 sinant
266 1510 343 1574 tad
372 1511 444 1574 dext
445 1528 528 1574 eram
556 1508 640 1573 salut
627 1513 723 1574 tarem
751 1529 839 1575 sacra
865 1512 1097 1595 regeneratione
1128 1513 1297 1579 transferri

124 1618 162 1681 21
218 1616 321 1680 Tertio
359 1615 496 1697 capitulo
532 1615 594 1679 iam
625 1617 674 1679 tot
641 1619 693 1680 oto
724 1616 841 1680 mundo
872 1616 998 1700 cognita
1029 1620 1124 1699 atque
1156 1618 1299 1682 conuictu

175 1741 212 1785 ea
233 1720 472 1804 Pelagianorum
500 1720 701 1785 deliramenta
724 1720 911 1799 circumfert,
935 1721 1049 1804 quibus
1073 1722 1192 1801 dicunt,
1168 1724 1298 1805 tquod

175 1827 279 1891 homo
272 1846 350 1910 per
375 1826 509 1890 liberum
537 1826 640 1891 arbit
604 1830 708 1904 t,num
737 1827 819 1908 quod
847 1829 986 1909 corrupit
971 1828 1153 1893 tfoedauit
1174 1848 1210 1893 ac
1232 1848 1298 1912 per·

175 1932 264 2009 didit,
287 1932 368 1996 bono
393 1932 580 2016 suffragante
603 1935 729 1996 naturae
754 1932 865 1997 beatus
889 1933 1032 2010 efficitur,
1055 1952 1126 1998 cum
1146 1933 1184 1999 de
1201 1934 1298 1998 benti-
1314 1958 1337 2000 ιι

174 2037 282 2102 tudine
303 2037 450 2119 paradisi,
474 2037 527 2101 ubi
550 2037 632 2101 bona
649 2038 750 2101 fuerat
768 2037 940 2103 constituta
958 2038 1141 2113 substantia,
1161 2038 1222 2103 nisi
1241 2058 1297 2103 suo
1358 2085 1359 2088 ,

176 2144 291 2208 amisso
314 2143 395 2207 boun
419 2142 597 2207 nullatenus
616 2143 773 2225 potuisset
791 2144 912 2226 expelli,
930 2144 1000 2209 idco
1018 2145 1160 2209 mortalis
1179 2144 1297 2223 effecta,

176 2250 249 2329 quia
271 2249 308 2312 de
331 2249 411 2314 bono
436 2248 544 2330 utique
567 2232 831 2331 praeuaricatione
853 2250 1019 2315 transisset
1037 2249 1077 2315 ad
1094 2250 1213 2316 malum
1231 2254 1263 2315 et
1281 2270 1298 2314 a

174 2353 410 2436 participatione
438 2348 544 2419 didius
570 2354 609 2417 ad
637 2354 791 2419 diabolica
812 2358 912 2420 semet
933 2355 1069 2420 facinora
1096 2355 1296 2420 contulisset:

173 2459 243 2524 ideo
258 2459 414 2541 deceptori
430 2478 497 2538 suo,
513 2461 564 2525 cui
580 2461 690 2524 uolens
705 2460 894 2552 adsenserat,
914 2463 1125 2543 competenter
1142 2460 1296 2538 addictus,
1313 2486 1336 2525 ιι

173 2565 243 2629 ideo
272 2565 309 2629 de
336 2564 496 2629 felicitatis
525 2584 599 2629 snae
628 2565 755 2630 caritate
783 2566 927 2630 seclusus
955 2569 1048 2648 atque
1075 2566 1116 2630 ad
1138 2567 1243 2649 spinas
1267 2571 1297 2632 et

172 2670 305 2734 tribulos
332 2670 536 2752 miseriasque
563 2671 756 2752 multiplices
784 2671 912 2735 caelesti
939 2689 1016 2735 uoce
1044 2671 1208 2736 damnatus
1233 2677 1295 2749 est3

173 2794 252 2857 quae
281 2775 389 2857 utique
412 2794 511 2858 poena
532 2775 609 2840 iusti
584 2776 776 2841 tiudiciit
763 2780 825 2840 tam
850 2777 956 2860 grauis
978 2779 1010 2841 et
1032 2795 1141 2859 aspera
1163 2777 1194 2842 in
1216 2779 1296 2843 bono

172 2881 383 2963 perseueranti
409 2881 510 2945 nullat
497 2885 589 2946 tenus
613 2882 837 2947 essetmflrota
860 2882 974 2946 enisi
996 2883 1078 2947 malo
1102 2901 1162 2947 non
1186 2902 1297 2948 conue-

122 2985 292 3054 22niente1
317 2987 415 3051 inlata
381 2987 633 3069 tprobaretur.
663 3005 733 3051 ecoe
757 2987 823 3051 sine
846 2986 952 3052 diuino
977 2988 1135 3070 suffragio,
1160 2989 1273 3071 quod'
1266 3009 1295 3053 m
1312 3013 1335 3054 ιι

172 3089 227 3154 illa
248 3091 321 3155 beat
322 3091 441 3156 itudine
463 3092 587 3175 positus
609 3111 779 3173 numquam
796 3092 874 3175 legit
860 3094 912 3156 ι·ιιι
930 3097 1020 3175 expet
1021 3094 1094 3170 isse,
1113 3113 1176 3158 non
1194 3095 1313 3159 solum

173 3197 291 3262 homini
317 3199 457 3262 naturale
484 3199 598 3262 bonum
626 3198 774 3281 prodesse
801 3218 862 3263 non
890 3199 1003 3280 potuit,
1026 3217 1087 3264 non
1111 3200 1216 3264 solum
1238 3221 1296 3266 non

172 3302 276 3367 effecit
301 3303 439 3377 beatum,
467 3303 523 3367 sed
547 3323 618 3367 cum
641 3303 699 3366 hoc
724 3303 789 3368 solo
814 3303 941 3368 confidit
964 3308 1057 3387 atque
1081 3304 1121 3369 ad
1144 3306 1212 3369 eius
1237 3325 1295 3372 non

172 3409 339 3472 reuertitur
350 3408 540 3492 largitorem,
556 3412 587 3473 et
605 3409 828 3473 beatitudinem
846 3408 951 3491 potius
971 3410 1076 3474 amisit
1094 3411 1295 3476 etmalorum

120 3513 311 3584 23omnium
329 3514 465 3597 sumpsit
483 3516 651 3581 exordium.
698 3515 781 3597 quod
800 3519 905 3578 autem
928 3515 1025 3580 libero
1050 3515 1176 3582 a1·bitrio
1199 3517 1294 3582 beati·
1311 3543 1334 3589 ιι

206 3791 222 3843 2
237 3790 390 3860 dampnatio
405 3789 435 3854 V,
450 3807 518 3845 corr.
530 3790 557 3843 ι2
596 3792 612 3845 3
627 3791 763 3846 necedere
778 3793 809 3855 V,
824 3809 890 3847 corr.
902 3796 928 3846 οἳ
963 3797 1066 3863 5posse
1077 3794 1111 3858 ·V,
1122 3810 1191 3849 corr.
1206 3795 1297 3849 th'el:

170 3881 280 3947 possent
300 3877 362 3932 Gor.
417 3880 432 3932 7
451 3879 552 3932 tollant
569 3896 632 3948 ergo
652 3880 709 3948 etc]
728 3879 942 3935 adsentantium
965 3883 1086 3936 Ticietius
1107 3889 1177 3936 recte
1194 3884 1297 3950 confert

171 3968 284 4034 Aupuet.
305 3967 337 4020 de
354 3968 418 4036 orip.
440 3968 522 4021 onina.
541 3968 581 4020 ΙΙ
597 3971 614 4021 9
694 3969 724 4022 11
747 3985 874 4038 regenera
882 3970 1086 4039 regeneratione
1109 3970 1135 4023 V
1214 3971 1247 4026 13
1266 3987 1296 4024 ea

170 4055 278 4121 serapti:
297 4070 312 4106 a
334 4054 366 4118 V,
384 4070 433 4109 ons.
454 4055 512 4109 edd.
550 4056 583 4109 20
601 4055 775 4110 adsenseraut
792 4058 823 4122 V,
843 4073 944 4127 eorap
987 4056 1022 4112 27·
1039 4057 1125 4112 bonus
1149 4058 1180 4122 V,
1199 4074 1294 4112 corruo

172 4142 205 4195 29
223 4141 382 4210 longitorem
405 4142 435 4205 V,
455 4159 522 4197 corr.
541 4142 568 4194 ιι2
