2904 4672
167 230 231 292 242
434 221 529 290 Uigilii
548 221 722 275 constitutum
741 220 773 274 de
791 219 878 274 tribus
897 219 1023 288 capitulis

167 415 260 480 dixit:
289 415 388 480 nade
415 417 509 497 post
536 434 602 492 me,
636 416 811 499 satanas;
845 413 1085 478 scandalum
1116 378 1156 476 es
1181 410 1296 486 mihi,

168 523 260 604 quia
301 541 375 586 non
416 521 525 603 sapis
562 541 605 584 ea
643 541 740 602 quac
777 521 839 584 dei
879 523 974 584 sunt
1011 519 1078 584 sed
1115 537 1159 583 aa
1197 536 1297 600 quae

167 628 389 704 homiuum,
421 646 458 692 ne
491 627 685 691 dissuasione
719 627 787 691 cius
816 627 937 692 animus
963 627 1064 709 ipsius
1093 624 1297 707 perturbatus

167 733 325 818 refugeret
356 734 531 814 passionem
566 736 597 796 et
629 733 702 814 quia
732 733 877 816 passione
909 752 973 797 sua
992 731 1157 814 proficeret
1187 733 1219 793 et
1241 747 1297 810 pro

81 850 87 861 ²
166 840 310 922 plurimis
339 840 428 905 bonis
452 840 559 904 exinde
583 840 643 904 sibi
667 841 874 924 adipiscendis
897 841 1020 904 futurae
1044 838 1154 903 mortis
1180 835 1323 920 expeti-s

167 948 309 1009 mentum
331 945 514 1027 susciperet.
539 945 592 1025 qui
615 945 712 1028 igitur
734 945 810 1010 haec
833 945 878 1009 ita
900 945 982 1028 sapit
1005 944 1097 1008 docet
1120 942 1222 1007 credit
1244 944 1297 1004 aut

167 1051 325 1133 praedicat
353 1054 384 1114 et
410 1070 470 1114 non
498 1052 598 1135 magis
627 1052 715 1115 nobis
746 1054 876 1115 mortem
904 1051 1014 1133 ipsine,
1047 1069 1140 1131 quam
1173 1048 1297 1132 propria

168 1177 258 1222 carne
286 1157 434 1240 suscepit,
462 1161 604 1222 aeternae
633 1159 730 1222 credit
753 1158 837 1222 uitae
861 1158 998 1239 praemia
1020 1155 1203 1232 contulisse,
1228 1173 1296 1217 ana·

168 1265 275 1328 thema
299 1264 349 1329 sit.

116 1417 158 1479 45
614 1410 773 1483 Capitulum
797 1411 846 1468 VI.
1311 1422 1325 1460 o

211 1531 293 1602 Quod
320 1532 394 1590 euim
427 1531 532 1590 dictum
568 1533 626 1590 est:
660 1532 864 1590 ducebatur
886 1549 903 1588 a
927 1531 1081 1604 spiritu,
1112 1531 1211 1602 aperte
1239 1529 1291 1586 hoc

167 1621 320 1696 significat,
349 1621 425 1694 quod
448 1622 484 1679 ab
508 1638 540 1678 co
563 1621 722 1694 regebatur,
747 1622 783 1678 ab
807 1638 839 1679 eo
863 1621 899 1678 ad
924 1620 1056 1678 uirtutem
1080 1619 1292 1692 propositorum

168 1711 393 1780 confortabatur,
422 1711 461 1768 ab>
486 1726 518 1767 eo
547 1711 584 1767 ad
611 1710 682 1767 haec
710 1727 782 1783 qnae
811 1711 962 1783 oportebat
983 1709 1155 1776 ducebatur,
1192 1708 1228 1765 ab
1263 1722 1293 1764 eo

168 1800 243 1874 quod
270 1799 391 1857 decebat
418 1799 582 1867 docebatur,
611 1799 647 1856 ab
677 1815 708 1857 eo
739 1797 961 1871 cogitationibus
990 1797 1240 1866 corroborabatur,
1265 1798 1295 1853 ut

169 1883 341 1948 adtentum
365 1890 506 1946 certamen
530 1887 682 1956 sufficeret,
707 1887 782 1945 sicut
805 1890 833 1944 ot
855 1887 957 1946 beatus
980 1887 1051 1944 dicit
1072 1885 1198 1944 Paulus:
1219 1883 1293 1958 qui·
1314 1899 1332 1935 s

170 1994 318 2050 cumque
347 1976 440 2034 enirn
468 1976 603 2049 spiritu
632 1975 690 2033 dei
718 1979 892 2050 aguntur,
922 1976 959 2033 bi
987 1977 1075 2033 sunt
1101 1973 1182 2032 fil-ii
1220 1974 1292 2043 dei,

169 2067 233 2125 dnci
260 2066 363 2140 spiritu
390 2065 488 2123 dicens
510 2065 585 2135 illos,
609 2064 657 2138 qui
680 2066 715 2123 ab
740 2082 772 2124 eo
797 2067 1001 2138 gubernantur,
1026 2066 1061 2122 ab
1087 2081 1119 2121 eo
1143 2064 1292 2131 docentur,

169 2157 204 2214 ab
237 2171 269 2213 eo
302 2153 338 2211 ad
370 2154 471 2211 melius
502 2153 722 2225 constituuntur,
755 2155 791 2211 ab
821 2171 853 2212 co
883 2153 1103 2228 competentium
1132 2151 1292 2210 doctrinam

118 2249 159 2311 46
168 2244 322 2318 accipiunt.
389 2259 452 2301 cum
482 2242 600 2301 dixisset
626 2244 720 2301 autem
748 2243 936 2316 euarrgelista,
966 2243 1042 2316 quod
1065 2241 1169 2315 spiritu
1194 2242 1293 2299 sancto

169 2333 271 2407 plenus
298 2348 445 2404 regressus
469 2335 512 2389 est
536 2332 570 2389 ab
592 2331 725 2403 Iordane,
750 2334 847 2406 aperte
871 2330 1086 2408 demonstrauit,
1111 2331 1188 2403 quod
1211 2328 1295 2388 huius
1314 2343 1335 2380 a

170 2437 256 2480 causa
278 2420 371 2479 sancti
395 2419 512 2494 spiritus
534 2420 742 2481 habitationem
765 2421 794 2478 iu
818 2421 990 2494 baptismate
1014 2419 1150 2492 suscepit,
1174 2421 1209 2476 nt
1231 2418 1296 2476 inde

171 2511 207 2567 ad
236 2509 384 2584 proposita
412 2511 527 2582 caperet
552 2509 696 2567 uirtutem.
724 2510 800 2567 unde
829 2512 857 2566 et
883 2510 920 2567 ad
948 2511 1091 2567 certamen
1114 2507 1198 2581 illud,
1223 2507 1297 2581 quod

170 2615 221 2672 pro
244 2598 327 2657 nobis
352 2602 413 2655 erat
435 2598 471 2655 ad
495 2598 638 2656 diabolum
663 2598 824 2666 effecturus,
849 2597 952 2671 spiritu
976 2598 1142 2656 ducebatur.

119 2719 160 2782 47
215 2719 250 2782 In
279 2719 478 2799 supradicto
503 2721 587 2781 serto
612 2717 748 2800 capitulo
771 2737 880 2782 rursus
904 2721 1063 2799 tamquam
1086 2736 1184 2799 purus
1208 2717 1299 2781 homo

171 2826 210 2918 ab
234 2824 356 2907 spiritu,
381 2824 470 2888 cuius
489 2824 694 2905 praesentiam
713 2827 786 2906 post
802 2823 959 2906 baptisma
979 2823 1155 2904 suscepisse
1174 2822 1300 2906 dicitur,
1316 2840 1338 2878 a

172 2931 211 2994 ad
243 2931 345 2995 omnia
377 2930 490 2994 duetus
523 2929 713 3012 perhibetur,
752 2931 943 2994 confortatus
981 2932 1013 2993 ct
1050 2930 1180 2993 edoctus
1219 2928 1300 2992 sicut

172 3037 266 3101 ceteri
284 3037 436 3113 homines,
456 3036 493 3100 de
513 3037 637 3117 quibus,
657 3039 693 3099 ut
716 3036 767 3100 hic
790 3035 916 3098 uidetur
943 3035 1013 3111 dici,
1045 3035 1207 3116 apostolus
1241 3034 1300 3102 ait:

173 3143 413 3224 quicumque
437 3141 588 3223 spiritu
612 3141 675 3205 dei
695 3145 881 3224 aguntur,
901 3141 941 3204 hi
960 3141 1043 3204 filii
1065 3141 1126 3204 dei
1147 3145 1250 3204 sunt.
1274 3138 1300 3202 si

173 3249 242 3330 quis
270 3249 368 3332 igitur
395 3247 471 3312 haec
498 3248 543 3312 ita
572 3247 653 3330 sapit
682 3247 772 3310 docet
800 3247 898 3310 credit
926 3250 981 3310 aut
1004 3246 1163 3328 praedicat
1186 3248 1219 3309 et
1242 3260 1299 3309 non

173 3353 264 3418 deum
293 3353 424 3417 uerbum
453 3353 646 3417 incarnatum
675 3373 771 3415 unum
801 3365 868 3416 esse
896 3352 995 3416 credit
1023 3355 1054 3415 et
1081 3350 1249 3415 confitetur
1270 3355 1336 3414 eto

172 3460 329 3541 praedicat
352 3459 521 3535 Christum,
547 3459 711 3522 anathema
733 3458 784 3522 sit.

262 3649 274 3701 l
291 3648 387 3701 Mattb.
404 3648 444 3712 16,
459 3649 492 3701 23
531 3646 562 3700 10
577 3646 642 3715 Cap.
658 3647 693 3699 VI
709 3671 742 3692 =
758 3647 891 3715 Actssyn.
906 3649 930 3709 6,
947 3646 992 3698 ubi
1008 3647 1054 3699 ‘Et
1065 3653 1127 3714 post
1140 3647 1210 3700 alta'
1225 3663 1297 3716 prae·

174 3737 278 3806 figito
331 3739 361 3790 11
382 3738 478 3790 Mattlr.
498 3738 556 3795 4,]
614 3736 936 3798 nectareamque
992 3737 1023 3788 19
1043 3736 1105 3789 Luc.
1124 3735 1184 3797 4,1

212 3862 223 3912 l
244 3860 310 3912 mihi
330 3877 357 3912 os
376 3865 440 3927 trop.
459 3860 528 3912 Bar.
590 3860 619 3911 11
640 3859 725 3912 acerba
744 3858 814 3927 quod
835 3858 904 3909 enim
926 3858 1025 3910 dictum
1044 3873 1127 3924 usqae
1147 3858 1186 3910 ad
1206 3859 1299 3911 166111

175 3949 218 4002 dci
238 3948 330 4014 adfert
347 3948 476 4016 Pelopeus
489 3963 570 4014 papa
589 3948 606 4000 1.
626 3963 640 4000 c
663 3966 693 4016 p.
715 3951 772 3999 442
819 3948 850 4000 16
869 3946 908 3998 bii
932 3945 991 3998 1οῙ
1037 3946 1069 3999 19
1088 3947 1258 4015 euangelista
1280 3945 1301 3998 1’

174 4024 207 4090 2'2
226 4035 260 4089 ad
279 4036 416 4105 proposita
438 4034 522 4089 0²0³:
542 4023 758 4105 ad'propositanr
783 4034 851 4101 110¹,
869 4036 1033 4103 propositam
1047 4034 1115 4087 Bar.
1159 4036 1194 4089 24
1212 4053 1299 4105 supra·

173 4124 272 4192 scripto
291 4124 391 4177 Beatos
433 4124 467 4176 25
485 4124 518 4175 ab
539 4123 632 4176 Vrec
676 4123 709 4176 28
728 4123 765 4175 hii
782 4123 807 4174 V
858 4127 921 4175 sunt·
940 4123 987 4174 filii
1006 4122 1048 4174 dei
1067 4128 1131 4190 trsp.
1145 4124 1223 4177 Edit.
1239 4125 1299 4193 ch.
