2904 4672
121 219 239 285 XXXX
539 217 823 288 Prolegomena.

122 411 266 476 ncnirnns
287 410 324 474 dc
346 409 460 474 Latino
482 410 660 486 translatos,
683 431 760 496 qnos
780 431 863 475 nnnc
884 412 995 476 inrum
1016 414 1054 478 de
1075 412 1194 479 Gracco
1210 415 1248 479 in

124 515 275 581 Lotc’nnrn
305 517 480 581 necessitate
510 517 655 597 coneprntsi
685 517 902 601 transferentes
932 519 1149 601 descn'psimns
1185 524 1244 587 et.

125 622 180 688 sed
202 623 279 686 haec
302 620 461 686 adnotatio
484 621 603 686 eisdem
625 622 688 686 iere
711 622 816 686 uerbis
840 622 993 704 epistulae
1010 624 1058 688 illl
1075 628 1247 708 praemissa

124 727 242 812 legitur
269 727 363 791 etiam
390 727 422 790 in
450 726 633 791 collectione
661 726 778 792 codicia
804 727 1015 793 Berolineusia
1041 729 1096 795 lat.
1125 732 1167 795 79
1190 729 1246 816 (ei.

126 833 164 898 ad
187 853 217 915 p.
243 831 333 918 162⁶)
358 836 451 914 atque
474 833 506 896 in
529 834 634 914 aperto
660 835 709 896 est
729 832 933 924 Anastasium
960 851 1026 899 eam
1054 854 1114 900 nou
1142 838 1245 902 solum

124 939 157 1004 in
181 938 286 1003 codice
310 938 414 1020 aliquo
437 937 532 1030 huius
556 937 750 1003 collectionis
773 938 829 1004 sed
847 939 942 1004 etiam
959 940 989 1003 in
1009 959 1046 1004 ea
1063 941 1247 1008 collectione

124 1044 263 1109 inuenire
285 1043 437 1127 potuisse,
461 1061 497 1106 ex
520 1061 582 1125 qua
602 1042 720 1108 multas
744 1044 896 1125 epistulas
920 1049 952 1110 et
973 1046 1004 1110 in
1028 1045 1245 1113 collectionem

125 1150 242 1215 codicis
256 1148 467 1214 Berolinensis
482 1151 514 1213 et
531 1149 563 1213 in
579 1148 764 1214 Auellanam
781 1149 932 1215 transisse
951 1151 1011 1216 alio
1030 1150 1099 1216 loco
1118 1152 1247 1217 uberius

125 1256 295 1339 explicabo.

170 1377 297 1444 Certum
320 1378 429 1443 deinde
453 1377 625 1462 uestigium
648 1379 728 1442 alius
752 1378 915 1443 cuiusdam
937 1378 1106 1444 Auellanae
1130 1379 1246 1446 codicis

61 1530 63 1534 ψ
126 1485 256 1568 eiusque
275 1485 408 1549 aVnon
427 1483 590 1566 pendentis
609 1483 869 1566 deprehendimus
888 1484 997 1549 eodem
1015 1486 1078 1549 iere
1095 1488 1247 1568 tempore,

126 1609 188 1672 quo
206 1591 274 1673 ipse
291 1589 320 1654 V
339 1593 481 1655 exaratus
500 1593 559 1654 est.
582 1591 698 1654 etenim
714 1590 775 1654 iarn
796 1608 890 1671 snpra
908 1610 938 1672 p.
953 1590 1043 1654 XVII
1061 1608 1247 1657 commemo·

125 1696 194 1760 raui
218 1696 250 1760 in
274 1695 380 1761 codice
403 1717 424 1756 α
445 1695 610 1778 Epiphanii
633 1695 671 1759 ad
694 1694 866 1759 Diodorum
894 1696 1072 1778 epistulam,
1096 1715 1175 1779 quaa
1198 1700 1249 1762 est

55 1818 57 1822 “
92 1818 94 1821 ·
121 1786 321 1867 ‘collectionis
348 1804 471 1866 noemae
498 1801 621 1878 ultima,
648 1801 679 1865 in
707 1799 775 1865 lolii
804 1801 880 1866 108*
906 1801 1053 1866 columna
1076 1802 1181 1866 dextra
1202 1804 1247 1868 ita

127 1889 276 1985 desinere,
300 1910 336 1971 ut
359 1906 498 1971 eiusdem
523 1907 684 1971 columnae
703 1906 766 1971 iere
785 1905 914 1971 dimidia
931 1925 1001 1988 para
1021 1925 1121 1973 uacua
1138 1908 1249 1973 relicta

128 2013 178 2080 sit.
207 2013 270 2077 iam
297 2032 371 2078 uero
399 2013 475 2078 iolio
506 2014 578 2089 109,
607 2012 690 2094 quod
717 2032 813 2076 unum
836 2015 943 2090 restat,
968 2012 1006 2076 ab
1030 2014 1091 2077 ali-a
1112 2013 1246 2096 quadam

127 2136 223 2182 mano
255 2118 311 2183 aed
341 2117 405 2184 iere
440 2137 555 2183 coaeuu
585 2117 771 2200 inscriptum
799 2121 848 2182 est
874 2117 1000 2200 aliquod
1027 2118 1248 2201 fragmentum,

128 2224 211 2306 quod
244 2243 346 2307 supra,
374 2223 429 2287 ubi
456 2223 493 2287 de
522 2222 656 2306 singulis
685 2222 845 2287 codicibus
872 2222 968 2287 uerba
994 2222 1064 2301 feci,
1091 2222 1249 2288 litteral'

129 2328 306 2413 significant
329 2328 473 2412 quodque
501 2332 533 2392 et
558 2329 662 2410 ipsum
690 2327 729 2391 ad
756 2327 940 2392 Auellanam
966 2328 1109 2408 pertinet.
1137 2327 1250 2411 incipit

129 2435 211 2500 enim
236 2434 325 2499 initio
352 2433 420 2499 folii
448 2436 522 2500 109Ι
543 2434 647 2498 uerbis
666 2435 759 2517 480„
778 2432 923 2514 captionis
941 2433 1075 2514 effectum
1093 2434 1249 2514 epistulae

131 2541 193 2605 103
226 2559 324 2623 eaque
357 2541 493 2623 epistula
524 2540 562 2605 ad
594 2559 666 2604 eum
697 2539 788 2603 finem
816 2538 975 2621 perducta,
1004 2538 1057 2620 qui
1085 2543 1134 2603 est
1161 2540 1189 2602 ei
1215 2539 1248 2604 in

130 2647 313 2711 collectione
353 2649 471 2724 nostra,
512 2646 634 2711 sedicet
670 2644 708 2709 ad
745 2644 841 2709 uerba
878 2643 970 2726 486„
1006 2644 1187 2723 apostoticae
1222 2648 1251 2708 et

129 2751 327 2816 sacerdotales
357 2753 388 2815 in
419 2752 484 2817 imo
516 2750 591 2816 folio
626 2752 701 2815 109*
733 2750 850 2815 desinit
880 2750 984 2814 uerbis
1015 2749 1249 2831 inscriptionem

130 2856 281 2939 epistulae
306 2858 368 2923 104
392 2856 598 2921 efficientibus
617 2856 792 2939 48711sqq.
812 2853 1029 2919 Dilectissimis
1043 2854 1249 2937 fratribus..

129 2960 262 3026 Dotion
285 2961 456 3027 Sinccctns.

175 3085 265 3165 Quod
287 3085 380 3150 hodie
401 3084 609 3168 fragmentum
632 3083 712 3148 illud
734 3083 765 3146 in
788 3083 900 3147 ultimo
928 3082 1002 3146 lolio
1026 3081 1142 3146 codicis
1166 3102 1186 3142 α
1207 3080 1252 3144 le·

131 3192 225 3276 gitur,
240 3193 262 3272 1)
289 3190 408 3273 duplici
434 3190 526 3255 modo
555 3189 699 3271 explicari
726 3191 840 3271 potest.
868 3207 940 3252 nam
967 3182 1102 3269 primum
1125 3186 1250 3268 quidem

131 3297 262 3381 cogitari
292 3299 398 3380 potest
429 3297 578 3362 codices
604 3297 740 3378 perfecto
773 3294 876 3359 nescio
910 3313 1000 3377 quern
1033 3293 1143 3357 lolium
1177 3293 1252 3370 109,

131 3403 215 3487 quod
242 3420 314 3468 cum
340 3402 416 3468 lolio
441 3403 502 3466 108
527 3403 671 3468 cohaeret
698 3401 752 3466 sed
779 3419 914 3464 uacuum
937 3399 1083 3464 relictum
1106 3401 1180 3473 erat,
1204 3417 1252 3462 cx-

128 3509 269 3592 'pleuisse
298 3508 403 3575 addito
433 3509 605 3592 fingmento
635 3509 690 3572 illo
712 3506 824 3571 nescio
855 3506 936 3570 unde
964 3505 1139 3586 desumpto.
1168 3503 1252 3585 quod

131 3633 169 3678 ne
200 3617 386 3692 statuamus,
420 3633 490 3679 oum
519 3614 553 3678 id
582 3614 704 3678 obstare
732 3613 866 3690 uidetur,
900 3611 983 3694 quod
1011 3629 1071 3675 non
1100 3609 1194 3674 etiarn
1217 3627 1252 3673 ea

169 3841 190 3909 1)
209 3840 247 3893 Ex
269 3838 360 3894 codice
384 3857 401 3890 α
421 3837 600 3908 fragmentum
622 3836 729 3891 transiit
746 3836 773 3889 iu
793 3835 896 3889 codices
916 3855 929 3886 o
949 3837 988 3900 (et
1004 3833 1166 3889 Uaticanum
1182 3833 1254 3887 4903

133 3944 164 3982 ex
182 3948 196 3981 o
215 3927 397 3996 descriptum),
416 3923 608 3988 Corainisuum,
631 3924 839 3979 Eacouialensenr
863 3923 1013 3991 errauitque
1035 3921 1135 3976 Paulus
1153 3920 1253 3984 Ewcld

133 4032 192 4070 curn
215 4031 243 4068 se
265 4014 295 4068 id
315 4014 343 4068 in
367 4013 488 4068 omnibus
511 4011 645 4067 codicibus
663 4011 789 4065 Mmanis
809 4028 825 4065 a
842 4027 871 4064 se
893 4010 1020 4081 inspeetis
1042 4009 1188 4079 repperisse
1207 4005 1255 4062 ad·

133 4104 250 4158 firmaret
268 4101 373 4172 (Sybela
390 4100 557 4156 Historiachc
575 4097 728 4153 Zeitschrilt
745 4098 779 4151 N.
798 4096 827 4152 F.
846 4098 884 4152 IV
904 4100 974 4165 155).
