2904 4672
594 252 680 322 Epist.
700 250 808 308 LXXIV
828 253 923 308 7-10.
1268 257 1330 320 193

195 445 282 532 μενόν
307 447 438 532 μηδενὸς
461 449 655 531 προκειμένου
667 454 734 532 ,τῆς
756 448 942 531 σαρκώσεως
963 456 1014 510 τοῦ
1038 455 1217 531 μονογενοῦς
1240 445 1328 527 αἰνίγ-

195 573 291 635 ματος
306 555 456 636 καθαρῶς
471 547 582 637 ῦρεθιει
596 549 823 631 δοξολογεῑσθαι
839 551 988 636 μηδεμιᾶς
1003 559 1131 635 σταυροῦ
1146 552 1328 636 προσθήκης

195 653 392 740 έπαγομένης·
426 651 471 729 ὡς
498 653 553 738 γοὶρ
584 650 619 716 ἂν
649 657 806 740 σοφέσηταί
835 676 887 734 τις,
911 652 1131 739 έκκρημνέζεται
1151 662 1208 739 τῆς
1234 651 1327 739 ῦρθυ·

197 758 308 835 δοξίας·
376 756 503 842 Χριστὸν
523 759 555 820 δέ
577 757 760 842 παραλαβὼν
784 755 820 819 δι’
844 754 929 843 ἡμᾶς
957 760 1167 841 σταυρωθέντα
1195 760 1245 822 τὸν
1268 754 1329 820 υἱῦν

165 869 248 924 οτοῦ
282 865 357 925 θεοῦ
390 860 467 926 κατοὶ
500 863 549 924 τὸν
596 856 740 945 μακάριον
776 858 898 924 Παῦλον
934 863 1096 947 φάσκοντα·
1134 855 1254 946 ἡμεῖς
1291 861 1331 924 δέ

195 967 440 1051 κηρύσσομεν
477 963 636 1049 Χριστὸν
675 962 821 1050 Ἰησοῦν
859 967 924 1028 καὶ
967 973 1106 1028 τοῦτον·
1145 962 1330 1049 ἐσταυρω-

198 1075 311 1154 μένον
343 1070 383 1153 μή
413 1066 545 1152 ἀπαρνοῦ
575 1070 679 1132 τοῦτου
708 1071 741 1132 τι)
773 1066 870 1156 ὄνομα
898 1073 949 1133 καὶ
976 1071 1008 1132 τῦ
1037 1067 1147 1147 πάθος·
1172 1068 1197 1132 εἰ
1219 1070 1252 1133 δέ
1276 1071 1327 1157 μὴ.

197 1174 356 1258 προλαβὼν
386 1172 497 1244 ἐκεῖνος
529 1171 596 1259 ἔφη·
628 1171 660 1235 εἴ
687 1197 739 1248 τις
768 1171 866 1259 ὑμᾶς
895 1169 1181 1255 εὐαγγελίζεται
1209 1173 1330 1259 παρ’ὃ

197 1278 444 1361 παρελάβετε,
468 1274 652 1364 ἀνάθεμα
674 1278 779 1343 ἔστω.
804 1279 869 1360 ἐγὼ
892 1283 973 1362 γάρ,
997 1299 1094 1365 φησιν,
1117 1274 1182 1342 οῦκ
1203 1277 1331 1363 ἔκρινά

153 1399 180 1438 1⁰
198 1406 228 1445 τι
258 1380 395 1444 εἰδέναι
426 1378 460 1444 ἐν
490 1376 574 1466 ὑμῖν
602 1381 634 1445 εὶ
665 1384 710 1468 μὴ
741 1382 903 1468 Χριστὸν
930 1381 1080 1469 Ἶησοῦν
1107 1387 1171 1447 καὶ
1192 1392 1330 1447 τοῦτον

199 1486 498 1572 ἐσταυρωμένον.
565 1486 590 1550 εἰ
624 1489 656 1551 δέ
686 1498 788 1553 τοῦτον
822 1487 1002 1573 ἀπαρνεῖσθε
1036 1489 1247 1572 σταυρωθέντα
1279 1482 1373 1553 καὶ8

198 1601 239 1674 τῐρ
262 1595 400 1675 τρισαγίιρ
423 1590 523 1662 πάθος
546 1597 802 1676 προσάπτετε,πῦς
825 1587 884 1677 οὐχ
906 1587 1038 1655 ὑποέσετε
1059 1593 1109 1655 τῦν
1132 1589 1330 1678 ἀναθεματισ-

201 1697 273 1780 μῦν;
298 1692 420 1765 Παῦλῦς
443 1692 518 1760 ἐστιν
541 1693 557 1759 ὁ
582 1694 815 1782 ἀναθεματέζων,
837 1697 869 1759 τὸ
893 1703 1000 1766 σκεῦος
1022 1704 1076 1781 της
1098 1694 1236 1780 ἐκλογῆς.
1258 1715 1330 1780 προ-

202 1797 297 1880 βαλοῦ
319 1794 445 1882 Χριστὸν
472 1802 523 1863 καὶ
552 1802 677 1889 σταυρὸν
708 1800 748 1884 μὴ
772 1797 914 1885 ὰπαρνοῦ·
944 1799 984 1885 μή
1007 1795 1105 1883 ἕτερον
1128 1796 1195 1862 ἀνθ’
1219 1795 1328 1884 ἑτέρου·

156 1922 184 1961 ιο
200 1901 332 1972 πλεῖστοι
353 1895 409 1985 γάρ
433 1900 502 1964 εἰσιν
526 1900 553 1965 οἱ
576 1905 806 1988 σταυρωθέντες,
830 1900 869 1978 εἷς
893 1904 925 1966 δέ
947 1900 963 1966 ὁ
987 1897 1027 1966 δι’
1046 1898 1138 1988 ἡμᾶς.
1193 1907 1264 1989 ηέρε
1280 1898 1331 1966 οὖν
1354 1905 1376 1967 θ

202 2002 231 2067 έν
254 2012 294 2088 τῖρ
318 2011 435 2090 σταυρῷ
458 2007 561 2070 τοῦτου
583 2008 615 2069 τῦ
640 2003 744 2092 ὄνομα,
765 2003 814 2070 ἵνα
835 2009 876 2095 μὴ
899 2003 997 2092 ἕτερον
1020 2002 1210 2093 ῦποπτευθης
1238 2006 1331 2087 λέγειν

202 2112 420 2192 σταυρωθέντα·
445 2105 488 2170 ὅτι
510 2107 594 2181 οἶδας
617 2106 660 2173 ὅτι
680 2111 779 2175 πολλὰ
800 2107 837 2174 τὰ
858 2110 962 2196 ἔνεδρα
983 2119 1035 2174 τοῦ
1057 2110 1167 2177 δολίου.
1183 2112 1233 2173 διὰ
1246 2118 1331 2174 τοῦτο

202 2214 253 2275 καί
282 2195 384 2300 οἱῐη
413 2215 465 2276 καὶ
494 2210 521 2276 οἱ
549 2196 584 2297 ρν
613 2210 665 2276 ἕνα
697 2217 796 2301 κῦριον
831 2211 948 2301 Ἰησοῦν
980 2212 1106 2299 Χριστὸν
1138 2215 1333 2299 παραδιδόασι

195 2317 413 2400 ’σταυρωθέντα
434 2319 486 2383 καὶ
507 2311 542 2380 οὐ
564 2318 597 2379 τῦ
619 2316 774 2402 τρισάγιον·
792 2315 818 2381 οἱ
837 2319 870 2380 δέ
886 2320 1162 2404 νομομαθεστέρους
1184 2305 1342 2403 κρίναντες

157 2443 186 2483 κο
204 2414 327 2490 ἑαυτοὺς
357 2417 428 2482 εἶναι
456 2420 566 2483 τούτων
596 2430 652 2483 τῶν
681 2425 813 2504 πατέρων
843 2431 907 2494 πῶς
937 2417 972 2484 ω’)
1003 2418 1332 2492 δεικνῦουσιν.ἑαυτοῦς

202 2523 311 2585 τούτων
335 2520 525 2606 ἁλλοτρίους;

239 2711 475 2782 Ῑριονογτννοῦςκ
534 2711 634 2782 2μηῦέ
655 2719 714 2783 μιᾶς
733 2713 770 2782 gh
823 2712 971 2784 4Χριστῦν
989 2713 1017 2768 δέ
1036 2713 1068 2768 δι’
1085 2713 1247 2786 ἡμᾶς..τοῦ
1266 2714 1331 2766 θεοῦ

201 2796 360 2869 παραλαβὼν
384 2803 450 2866 ένυρ.
473 2799 508 2869 gh
562 2802 578 2855 6
602 2806 627 2856 et
647 2800 680 2854 10
702 2803 805 2872 χριστὸν
824 2801 913 2873 ἷησοῦν
932 2819 963 2856 eo
982 2808 1007 2857 et
1023 2804 1063 2858 sic
1080 2804 1223 2872 ι’κέτιγιντεὲ
1241 2800 1331 2872 ἰηοοῦν

200 2887 305 2956 χριστὸν
325 2887 377 2956 agh
423 2887 524 2959 8ταρῦ
544 2904 570 2942 ο,
606 2889 638 2942 17
658 2887 696 2941 ῦτι
715 2894 779 2943 ante
796 2887 880 2942 πολλὰ
897 2891 983 2945 om.h
1026 2892 1058 2946 18
1077 2888 1100 2943 οἱ
1118 2895 1228 2965 ποιεῖν
1247 2905 1332 2944 ουκκ

201 2972 234 3025 21
255 2971 407 3046 ἀλλοτρίους
426 2975 513 3046 aeogh
530 2976 641 3045 reliquis
658 2993 727 3045 quae
744 2977 875 3046 ιἰιιαγοικο
893 2979 1022 3047 expressit
1040 2980 1152 3034 omissis.
