2904 4672
565 263 652 332 Epist.
670 262 829 316 LXXXVIII
846 262 941 317 8-12.
1249 266 1311 329 337

186 464 328 545 gentes
361 459 474 543 cogis
507 457 751 523 iudaizare?
816 459 897 522 haec
925 477 999 542 ergo
1030 477 1085 541 per
1111 458 1220 522 omnia
1255 454 1364 523 deold

188 567 416 632 6111116611
454 565 613 630 adsidente
653 566 819 647 pensantes
861 582 1029 648 agnoscere
1068 565 1211 647 poteritis
1252 583 1313 628 non

189 672 383 745 occasionem
406 689 463 735 nos
483 670 690 734 excusationis
713 669 866 751 inquirere
890 668 946 732 sed
969 688 1014 746 ea,
1039 687 1118 752 qaae
1140 688 1195 752 pro
1219 668 1314 734 officii

188 778 288 844 nostri
323 777 441 843 ratione
477 776 693 842 transcendere
729 795 789 840 non
820 794 1000 859 possumus,
1032 775 1123 841 uobis
1155 776 1316 840 humiliter

155 885 332 950 ⁵intimare
356 883 477 947 dicente
500 884 658 966 apostolo:
688 901 761 946 non
789 882 889 945 enim
916 900 1131 968 possumus
1159 881 1315 963 aliquid

190 992 330 1057 contra
347 989 563 1053 ueritatem
583 987 652 1052 sed
669 1006 736 1070 pro
755 987 943 1052 ueritate.
962 987 1044 1052 unde
1063 989 1094 1051 et
1113 987 1149 1050 de
1165 986 1315 1070 Stephani

190 1095 330 1187 episcopi
361 1114 492 1179 persona
524 1094 618 1159 simul
649 1096 682 1157 et
712 1111 807 1158 causa
838 1080 898 1157 non
930 1091 1061 1157 credatis
1094 1092 1226 1158 alicuius
1258 1112 1314 1158 nos

191 1202 296 1269 studio
338 1199 526 1267 defensionis
566 1198 687 1281 impelli
728 1196 825 1283 (absit
859 1217 877 1262 a
913 1199 1138 1289 quorumlibet*
1157 1200 1314 1265 mentibus

192 1308 388 1385 Christianis,
420 1310 456 1371 ut
481 1307 512 1370 in
537 1296 733 1386 quacumque
755 1325 887 1388 persona
909 1308 964 1369 aut
985 1305 1194 1370 innocentiam
1215 1306 1315 1370 redar-

143 1428 172 1467 10
191 1417 289 1498 guent
311 1417 366 1478 aut
388 1413 502 1477 crimen
527 1408 715 1496 absoluant),
740 1411 794 1476 sed
812 1411 969 1490 uniuersa,
989 1430 1067 1492 quae
1086 1412 1171 1484 (ab)
1191 1413 1315 1493 aposto·

161 1597 163 1601 ,
190 1521 252 1584 1166
279 1519 352 1584 6616
381 1538 474 1600 super
500 1519 557 1582 hac
585 1521 659 1582 sunt
685 1521 772 1601 parte
799 1518 960 1600 disposita,
988 1518 1044 1583 illo
1067 1537 1188 1599 semper
1210 1518 1314 1583 studio

191 1626 405 1700 manauerant,
442 1624 524 1706 quod
550 1623 738 1706 principatui
760 1623 844 1686 beati
865 1622 950 1686 Petri
972 1641 1030 1701 uos
1054 1642 1177 1705 quoque
1201 1623 1315 1705 cupitis

190 1744 247 1815 per
270 1730 373 1794 omnia
395 1730 554 1805 reseruari,
578 1728 759 1794 scilicetne
781 1729 813 1798 in
836 1729 896 1805 his,
922 1729 974 1810 qui
997 1728 1080 1792 sedis
1105 1729 1172 1792 eius
1191 1730 1316 1794 audien·

191 1837 269 1902 tiam
298 1835 524 1917 postulassent,
552 1837 657 1917 spreta
682 1834 783 1916 ipsius
810 1834 982 1900 reuerentia
1009 1835 1140 1899 alterius
1163 1836 1317 1899 sententia

148 1961 175 2001 rs
192 1942 379 2027 proueniret.
409 1945 441 2004 et
465 1940 547 2018 ideo,
575 1940 648 2022 quia
679 1940 844 2004 clementia
874 1943 981 2004 uestra
1012 1940 1177 2005 salubriter
1201 1936 1364 2006 'offerrell

193 2049 320 2132 dignata
345 2050 403 2124 est,
431 2049 469 2117 ut
494 2065 513 2110 a
538 2046 652 2132 legatis
679 2039 794 2111 nostris
823 2064 913 2110 omne
939 2045 1101 2129 negotium
1122 2049 1316 2126 retractetur,

193 2155 273 2219 hanc
301 2172 426 2236 operam
453 2151 513 2230 his,
541 2172 618 2236 quos
645 2152 677 2216 in
705 2152 876 2217 continenti
902 2152 1077 2236 dirigimus,
1105 2152 1163 2242 deo
1191 2157 1316 2219 auctore

194 2260 388 2338 mandamus,
416 2259 461 2323 ita
487 2262 601 2337 tamen,
629 2260 667 2322 ut
692 2259 754 2323 iam
781 2277 864 2323 nunc
893 2259 1109 2323 communione
1136 2245 1242 2324 nostra
1267 2260 1317 2324 uir

190 2365 359 2449 religiosus
386 2364 524 2429 Achilles
552 2384 606 2448 pro
638 2368 744 2430 uestra
774 2364 912 2429 iussione
945 2363 1057 2448 debeat
1087 2365 1251 2448 gratulari;
1285 2368 1318 2429 at

145 2494 175 2533 so
192 2490 270 2537 uero,
299 2470 336 2535 de
369 2470 540 2536 sacerdotio
572 2469 767 2553 perfruendo,
799 2489 872 2534 cum
903 2469 941 2533 ad
972 2489 1028 2534 nos
1056 2471 1211 2548 uniuersa,
1239 2489 1317 2553 qnae

192 2576 290 2661 legati
317 2576 416 2657 nostri
444 2576 656 2660 cognouerint,
684 2575 868 2658 plenissima
894 2594 1000 2640 eorum
1027 2574 1143 2640 fuerint
1169 2575 1318 2640 relatione

192 2682 321 2765 perlata,
346 2681 549 2748 consideratis
573 2685 750 2746 sanctorum
775 2700 925 2745 canonum
948 2681 1077 2764 regulis,
1101 2700 1178 2762 quas
1201 2680 1319 2745 seruari

192 2787 381 2870 praecipitis,
396 2787 552 2869 sequenda
565 2786 685 2851 firmius
700 2787 918 2851 censebuntur.
967 2787 1051 2869 quod
1065 2788 1169 2851 antem
1188 2781 1371 2852 clemen-12

192 2892 238 2957 tia
265 2895 371 2957 uestra
396 2892 501 2957 fratris
529 2895 561 2956 et
588 2892 765 2975 coepiscopi
792 2893 889 2958 nostri
916 2892 1081 2975 Epiphanii
1109 2891 1236 2976 dignata
1272 2894 1321 2956 est

147 3022 175 3064 aa
196 3015 344 3082 excusare
368 3017 541 3081 personam,
576 2999 649 3082 quia
679 2989 713 3063 in
742 2997 893 3082 praedicti
924 2998 1057 3063 Achillis
1090 2998 1320 3063 consecratione

194 3102 741 3187 1661161111161166111161111116
759 3104 910 3169 ordinatio
928 3105 1134 3186 prouenisset,
1154 3103 1320 3196 credimus,
1344 3185 1346 3188 Ι

195 3208 278 3290 quod
301 3209 423 3291 etipse
446 3209 629 3294 cognouerit
650 3210 717 3273 iure
741 3210 912 3292 culpatum,
937 3210 990 3291 qui
1012 3213 1134 3293 praeter
1152 3209 1222 3286 alia,
1242 3226 1322 3290 quae

207 3422 209 3425 ’
269 3378 523 3482 71011111118

230 3539 246 3591 2
270 3538 418 3594 adsistente
440 3541 530 3594 Coast.
615 3541 746 3618 31111111
769 3540 801 3605 V,
821 3557 922 3596 corno
1007 3543 1024 3596 6
1043 3541 1185 3612 Stephani]
1205 3540 1326 3610 episcopi

190 3626 327 3681 Larisaci
344 3628 379 3681 ab
398 3628 560 3697 Epiphanio
582 3629 889 3698 Constantinopolitano
913 3629 1035 3698 depositi,
1055 3629 1088 3684 ds
1104 3645 1157 3698 qao
1176 3629 1227 3698 epit
1239 3645 1323 3698 prae·

190 3714 299 3768 sidente
324 3715 470 3784 Bonifatio
488 3717 531 3770 ΙΙ.
558 3717 678 3787 mandra
705 3719 787 3772 tertia
813 3719 942 3773 Romana
968 3718 1062 3771 diebos
1091 3721 1109 3770 7
1135 3722 1161 3771 et
1188 3717 1326 3772 emma

195 3801 333 3858 Decembr.
354 3821 379 3858 a.
402 3807 469 3871 531;
487 3806 521 3872 cf.
540 3807 613 3860 Aeta
632 3806 868 3874 apadMonsiam
890 3805 971 3859 VIII
988 3807 1046 3859 739
1062 3821 1118 3873 sqq.
1206 3805 1223 3858 8
1243 3804 1324 3860 offen.

196 3890 293 3943 sionsis
311 3891 380 3944 Bar.
399 3892 430 3951 in
446 3907 531 3961 many.
602 3893 637 3946 ‘10
656 3893 688 3947 ab
709 3894 774 3948 add.
796 3893 885 3948 Const.
958 3894 991 3948 12
1011 3893 1083 3962 quod
1100 3892 1211 3961 scepei:
1230 3907 1280 3962 qne
1303 3891 1330 3944 V

198 3978 232 4031 14
251 3982 341 4047 spreta
356 3977 386 4049 p²
407 3979 512 4034 Consi:
531 3985 638 4050 sperata
660 3981 692 4043 V,
713 3985 837 4051 separata
854 3981 922 4037 Bar.
992 3983 1024 4045 15
1043 3982 1184 4050 prouenire
1206 3980 1238 4043 V,
1257 3995 1325 4035 corr.

199 4063 264 4118 Gar.
328 4067 360 4121 16
381 4066 508 4136 dignatus
532 4068 563 4131 V,
583 4084 651 4124 corr.
673 4068 736 4124 Car.
798 4069 830 4123 17
849 4070 1028 4123 incontinenti
1051 4069 1077 4123 V
1128 4070 1161 4122 19
1179 4067 1279 4122 Acilleo
1302 4066 1329 4120 V

194 4151 232 4206 25
251 4169 390 4207 excausare
409 4153 440 4218 V,
459 4170 527 4210 corr.
543 4173 560 4207 α
631 4157 723 4210 Acillis
748 4156 774 4210 V
823 4159 857 4212 26
876 4158 1059 4228 praeuenisset
1080 4158 1143 4212 Car.

250 4277 338 4317 xxxv.
1225 4262 1258 4316 22
