<?xml version="1.0" encoding="UTF-8"?>
<!DOCTYPE html PUBLIC "-//W3C//DTD XHTML 1.0 Transitional//EN"
    "http://www.w3.org/TR/xhtml1/DTD/xhtml1-transitional.dtd">
<html xmlns="http://www.w3.org/1999/xhtml" xml:lang="en" lang="en">
 <head>
  <title>
</title>
<meta http-equiv="Content-Type" content="text/html;charset=utf-8" />
  <meta name='ocr-system' content='tesseract 3.04.00' />
  <meta name='ocr-capabilities' content='ocr_page ocr_carea ocr_par ocr_line ocrx_word'/>
</head>
<body>
  <div class='ocr_page' id='page_1' title='image "./epistulaeimpera01gngoog_0123.png"; bbox 0 0 2904 4672; ppageno 0'>
   <div class='ocr_carea' id='block_1_1' title="bbox 64 195 1130 265">
    <p class='ocr_par' dir='ltr' id='par_1_1' title="bbox 64 195 1130 265">
     <span class='ocr_line' id='line_1_1' title="bbox 64 195 1130 265; baseline 0.006 -15"><span class='ocrx_word' id='word_1_1' title='bbox 64 244 77 250; x_wconf 78' lang='lat'><strong>..</strong></span> <span class='ocrx_word' id='word_1_2' title='bbox 170 202 209 265; x_wconf 85' lang='lat'><strong>18</strong></span> <span class='ocrx_word' id='word_1_3' title='bbox 314 195 463 250; x_wconf 77' lang='lat' dir='ltr'><strong>Marcellini</strong></span> <span class='ocrx_word' id='word_1_4' title='bbox 480 198 508 249; x_wconf 87' lang='lat' dir='ltr'><strong>et</strong></span> <span class='ocrx_word' id='word_1_5' title='bbox 525 196 648 250; x_wconf 80' lang='lat' dir='ltr'><strong>Faustini</strong></span> <span class='ocrx_word' id='word_1_6' title='bbox 666 196 699 250; x_wconf 73' lang='lat' dir='ltr'><strong>ule</strong></span> <span class='ocrx_word' id='word_1_7' title='bbox 717 198 883 252; x_wconf 83' lang='lat' dir='ltr'><strong>confessione</strong></span> <span class='ocrx_word' id='word_1_8' title='bbox 901 215 978 253; x_wconf 86' lang='lat' dir='ltr'><strong>uerae</strong></span> <span class='ocrx_word' id='word_1_9' title='bbox 997 199 1061 255; x_wconf 78' lang='lat' dir='ltr'><strong>ndei</strong></span> <span class='ocrx_word' id='word_1_10' title='bbox 1079 203 1130 256; x_wconf 85' lang='lat' dir='ltr'><strong>etc.</strong></span> 
     </span>
    </p>
   </div>
   <div class='ocr_carea' id='block_1_2' title="bbox 167 389 1291 798">
    <p class='ocr_par' dir='ltr' id='par_1_2' title="bbox 167 389 1291 798">
     <span class='ocr_line' id='line_1_2' title="bbox 168 389 1291 477; baseline 0.006 -21"><span class='ocrx_word' id='word_1_11' title='bbox 168 391 301 458; x_wconf 80' lang='lat' dir='ltr'><strong>conditis</strong></span> <span class='ocrx_word' id='word_1_12' title='bbox 324 389 493 455; x_wconf 79' lang='lat' dir='ltr'><strong>sanissime</strong></span> <span class='ocrx_word' id='word_1_13' title='bbox 526 390 729 474; x_wconf 80' lang='lat' dir='ltr'><strong>gloriabatur:</strong></span> <span class='ocrx_word' id='word_1_14' title='bbox 767 394 905 471; x_wconf 90' lang='lat' dir='ltr'><strong>stulte,</strong></span> <span class='ocrx_word' id='word_1_15' title='bbox 938 393 1049 477; x_wconf 88' lang='lat' dir='ltr'><strong>iuquit,</strong></span> <span class='ocrx_word' id='word_1_16' title='bbox 1078 395 1151 459; x_wconf 90' lang='lat' dir='ltr'><strong>hac</strong></span> <span class='ocrx_word' id='word_1_17' title='bbox 1174 401 1291 464; x_wconf 89' lang='lat' dir='ltr'><strong>nocte</strong></span> 
     </span>
     <span class='ocr_line' id='line_1_3' title="bbox 167 496 1291 581; baseline 0.008 -21"><span class='ocrx_word' id='word_1_18' title='bbox 167 497 294 561; x_wconf 89' lang='lat' dir='ltr'><strong>anima</strong></span> <span class='ocrx_word' id='word_1_19' title='bbox 314 498 384 560; x_wconf 88' lang='lat' dir='ltr'><strong>tua</strong></span> <span class='ocrx_word' id='word_1_20' title='bbox 401 496 470 560; x_wconf 88' lang='lat' dir='ltr'><strong>abs</strong></span> <span class='ocrx_word' id='word_1_21' title='bbox 494 496 1291 581; x_wconf 73' lang='lat' dir='ltr'><strong>teauferebumqnaepraeparasti,cnins</strong></span> 
     </span>
     <span class='ocr_line' id='line_1_4' title="bbox 168 602 1291 685; baseline 0.005 -16"><span class='ocrx_word' id='word_1_22' title='bbox 168 607 303 669; x_wconf 83' lang='lat' dir='ltr'><strong>erunt?</strong></span> <span class='ocrx_word' id='word_1_23' title='bbox 327 602 354 667; x_wconf 93' lang='lat' dir='ltr'><strong>si</strong></span> <span class='ocrx_word' id='word_1_24' title='bbox 377 602 448 685; x_wconf 88' lang='lat' dir='ltr'><strong>quis</strong></span> <span class='ocrx_word' id='word_1_25' title='bbox 470 602 530 666; x_wconf 87' lang='lat' dir='ltr'><strong>lroc</strong></span> <span class='ocrx_word' id='word_1_26' title='bbox 553 602 703 684; x_wconf 89' lang='lat' dir='ltr'><strong>scriptum</strong></span> <span class='ocrx_word' id='word_1_27' title='bbox 735 607 767 666; x_wconf 89' lang='lat' dir='ltr'><strong>et</strong></span> <span class='ocrx_word' id='word_1_28' title='bbox 798 603 836 668; x_wconf 90' lang='lat' dir='ltr'><strong>de</strong></span> <span class='ocrx_word' id='word_1_29' title='bbox 859 605 1001 671; x_wconf 90' lang='lat' dir='ltr'><strong>Potamio</strong></span> <span class='ocrx_word' id='word_1_30' title='bbox 1032 608 1198 673; x_wconf 88' lang='lat' dir='ltr'><strong>conuenire</strong></span> <span class='ocrx_word' id='word_1_31' title='bbox 1222 628 1291 674; x_wconf 93' lang='lat' dir='ltr'><strong>con·</strong></span> 
     </span>
     <span class='ocr_line' id='line_1_5' title="bbox 167 706 1291 798; baseline 0.007 -25"><span class='ocrx_word' id='word_1_32' title='bbox 167 709 291 786; x_wconf 82' lang='lat' dir='ltr'><strong>siderei,</strong></span> <span class='ocrx_word' id='word_1_33' title='bbox 315 706 532 792; x_wconf 81' lang='lat' dir='ltr'><strong>intellegetis</strong></span> <span class='ocrx_word' id='word_1_34' title='bbox 555 726 627 771; x_wconf 90' lang='lat' dir='ltr'><strong>enm</strong></span> <span class='ocrx_word' id='word_1_35' title='bbox 650 726 709 771; x_wconf 90' lang='lat' dir='ltr'><strong>uon</strong></span> <span class='ocrx_word' id='word_1_36' title='bbox 731 709 845 772; x_wconf 89' lang='lat' dir='ltr'><strong>leniter</strong></span> <span class='ocrx_word' id='word_1_37' title='bbox 865 708 1048 789; x_wconf 88' lang='lat' dir='ltr'><strong>iudicatum,</strong></span> <span class='ocrx_word' id='word_1_38' title='bbox 1067 712 1200 778; x_wconf 83' lang='lat' dir='ltr'><strong>maxime</strong></span> <span class='ocrx_word' id='word_1_39' title='bbox 1222 734 1291 798; x_wconf 89' lang='lat' dir='ltr'><strong>pas-</strong></span> 
     </span>
    </p>
   </div>
   <div class='ocr_carea' id='block_1_3' title="bbox 46 812 1342 3642">
    <p class='ocr_par' dir='ltr' id='par_1_3' title="bbox 167 812 1332 899">
     <span class='ocr_line' id='line_1_6' title="bbox 167 812 1332 899; baseline 0.008 -20"><span class='ocrx_word' id='word_1_40' title='bbox 167 834 237 879; x_wconf 90' lang='lat' dir='ltr'><strong>sum</strong></span> <span class='ocrx_word' id='word_1_41' title='bbox 268 813 393 898; x_wconf 82' lang='lat' dir='ltr'><strong>liuguae</strong></span> <span class='ocrx_word' id='word_1_42' title='bbox 426 812 627 895; x_wconf 90' lang='lat' dir='ltr'><strong>supplicium,</strong></span> <span class='ocrx_word' id='word_1_43' title='bbox 658 812 691 876; x_wconf 92' lang='lat' dir='ltr'><strong>in</strong></span> <span class='ocrx_word' id='word_1_44' title='bbox 723 832 784 895; x_wconf 90' lang='lat' dir='ltr'><strong>qna</strong></span> <span class='ocrx_word' id='word_1_45' title='bbox 815 818 847 878; x_wconf 90' lang='lat' dir='ltr'><strong>et</strong></span> <span class='ocrx_word' id='word_1_46' title='bbox 878 815 966 879; x_wconf 89' lang='lat' dir='ltr'><strong>dines</strong></span> <span class='ocrx_word' id='word_1_47' title='bbox 988 816 1042 879; x_wconf 91' lang='lat' dir='ltr'><strong>ille</strong></span> <span class='ocrx_word' id='word_1_48' title='bbox 1072 817 1155 899; x_wconf 80' lang='lat' dir='ltr'><strong>apncl</strong></span> <span class='ocrx_word' id='word_1_49' title='bbox 1178 819 1291 886; x_wconf 84' lang='lat' dir='ltr'><strong>inferos</strong></span> <span class='ocrx_word' id='word_1_50' title='bbox 1320 851 1332 888; x_wconf 76' lang='lat' dir='ltr'><strong>s</strong></span> 
     </span>
    </p>

    <p class='ocr_par' dir='ltr' id='par_1_4' title="bbox 116 915 1336 1536">
     <span class='ocr_line' id='line_1_7' title="bbox 116 915 1291 1004; baseline 0.006 -20"><span class='ocrx_word' id='word_1_51' title='bbox 116 915 157 976; x_wconf 81' lang='grc'><strong>43</strong></span> <span class='ocrx_word' id='word_1_52' title='bbox 168 918 386 984; x_wconf 84' lang='lat' dir='ltr'><strong>uehementius</strong></span> <span class='ocrx_word' id='word_1_53' title='bbox 410 919 575 983; x_wconf 88' lang='lat' dir='ltr'><strong>cruciatur.</strong></span> <span class='ocrx_word' id='word_1_54' title='bbox 643 919 697 983; x_wconf 89' lang='lat' dir='ltr'><strong>sed</strong></span> <span class='ocrx_word' id='word_1_55' title='bbox 730 923 762 983; x_wconf 93' lang='lat' dir='ltr'><strong>et</strong></span> <span class='ocrx_word' id='word_1_56' title='bbox 783 919 971 998; x_wconf 84' lang='lat' dir='ltr'><strong>Florentius,</strong></span> <span class='ocrx_word' id='word_1_57' title='bbox 1004 922 1058 1004; x_wconf 89' lang='lat' dir='ltr'><strong>qni</strong></span> <span class='ocrx_word' id='word_1_58' title='bbox 1080 922 1155 988; x_wconf 88' lang='lat' dir='ltr'><strong>Osio</strong></span> <span class='ocrx_word' id='word_1_59' title='bbox 1180 927 1213 989; x_wconf 92' lang='lat' dir='ltr'><strong>et</strong></span> <span class='ocrx_word' id='word_1_60' title='bbox 1233 926 1291 992; x_wconf 90' lang='lat' dir='ltr'><strong>Po·</strong></span> 
     </span>
     <span class='ocr_line' id='line_1_8' title="bbox 168 1024 1292 1109; baseline 0.007 -21"><span class='ocrx_word' id='word_1_61' title='bbox 168 1025 263 1089; x_wconf 89' lang='lat' dir='ltr'><strong>tumio</strong></span> <span class='ocrx_word' id='word_1_62' title='bbox 286 1025 348 1087; x_wconf 89' lang='lat' dir='ltr'><strong>iam</strong></span> <span class='ocrx_word' id='word_1_63' title='bbox 372 1024 673 1108; x_wconf 88' lang='lat' dir='ltr'><strong>praeuaricatoribus</strong></span> <span class='ocrx_word' id='word_1_64' title='bbox 692 1025 795 1090; x_wconf 88' lang='lat' dir='ltr'><strong>sciens</strong></span> <span class='ocrx_word' id='word_1_65' title='bbox 817 1027 849 1090; x_wconf 91' lang='lat' dir='ltr'><strong>in</strong></span> <span class='ocrx_word' id='word_1_66' title='bbox 871 1028 940 1092; x_wconf 89' lang='lat' dir='ltr'><strong>loco</strong></span> <span class='ocrx_word' id='word_1_67' title='bbox 964 1027 1097 1109; x_wconf 87' lang='lat' dir='ltr'><strong>quodam</strong></span> <span class='ocrx_word' id='word_1_68' title='bbox 1121 1033 1292 1096; x_wconf 91' lang='lat' dir='ltr'><strong>communi·</strong></span> 
     </span>
     <span class='ocr_line' id='line_1_9' title="bbox 168 1129 1293 1213; baseline 0.007 -19"><span class='ocrx_word' id='word_1_69' title='bbox 168 1129 262 1207; x_wconf 87' lang='lat' dir='ltr'><strong>canit,</strong></span> <span class='ocrx_word' id='word_1_70' title='bbox 294 1129 381 1194; x_wconf 83' lang='lat' dir='ltr'><strong>ledit</strong></span> <span class='ocrx_word' id='word_1_71' title='bbox 412 1133 444 1194; x_wconf 92' lang='lat' dir='ltr'><strong>et</strong></span> <span class='ocrx_word' id='word_1_72' title='bbox 474 1130 542 1212; x_wconf 88' lang='lat' dir='ltr'><strong>ipse</strong></span> <span class='ocrx_word' id='word_1_73' title='bbox 572 1149 654 1195; x_wconf 87' lang='lat' dir='ltr'><strong>nona</strong></span> <span class='ocrx_word' id='word_1_74' title='bbox 685 1131 848 1213; x_wconf 89' lang='lat' dir='ltr'><strong>supplicia.</strong></span> <span class='ocrx_word' id='word_1_75' title='bbox 879 1152 950 1196; x_wconf 92' lang='lat' dir='ltr'><strong>uam</strong></span> <span class='ocrx_word' id='word_1_76' title='bbox 982 1152 1054 1198; x_wconf 92' lang='lat' dir='ltr'><strong>cnm</strong></span> <span class='ocrx_word' id='word_1_77' title='bbox 1082 1134 1113 1198; x_wconf 90' lang='lat' dir='ltr'><strong>in</strong></span> <span class='ocrx_word' id='word_1_78' title='bbox 1137 1140 1293 1202; x_wconf 90' lang='lat' dir='ltr'><strong>conuentu</strong></span> 
     </span>
     <span class='ocr_line' id='line_1_10' title="bbox 168 1236 1292 1324; baseline 0.007 -25"><span class='ocrx_word' id='word_1_79' title='bbox 168 1236 269 1317; x_wconf 89' lang='lat' dir='ltr'><strong>plebis</strong></span> <span class='ocrx_word' id='word_1_80' title='bbox 293 1237 382 1301; x_wconf 90' lang='lat' dir='ltr'><strong>sedet</strong></span> <span class='ocrx_word' id='word_1_81' title='bbox 403 1237 435 1301; x_wconf 91' lang='lat' dir='ltr'><strong>iu</strong></span> <span class='ocrx_word' id='word_1_82' title='bbox 458 1237 568 1301; x_wconf 91' lang='lat' dir='ltr'><strong>throno</strong></span> <span class='ocrx_word' id='word_1_83' title='bbox 592 1256 660 1312; x_wconf 91' lang='lat' dir='ltr'><strong>suo,</strong></span> <span class='ocrx_word' id='word_1_84' title='bbox 679 1240 804 1319; x_wconf 91' lang='lat' dir='ltr'><strong>repente</strong></span> <span class='ocrx_word' id='word_1_85' title='bbox 827 1238 954 1303; x_wconf 84' lang='lat' dir='ltr'><strong>eliditur</strong></span> <span class='ocrx_word' id='word_1_86' title='bbox 984 1244 1017 1305; x_wconf 91' lang='lat' dir='ltr'><strong>et</strong></span> <span class='ocrx_word' id='word_1_87' title='bbox 1042 1240 1176 1322; x_wconf 89' lang='lat' dir='ltr'><strong>palpitat</strong></span> <span class='ocrx_word' id='word_1_88' title='bbox 1198 1245 1292 1324; x_wconf 84' lang='lat' dir='ltr'><strong>atque</strong></span> 
     </span>
     <span class='ocr_line' id='line_1_11' title="bbox 168 1343 1336 1424; baseline 0.009 -18"><span class='ocrx_word' id='word_1_89' title='bbox 168 1344 250 1407; x_wconf 85' lang='lat' dir='ltr'><strong>foras</strong></span> <span class='ocrx_word' id='word_1_90' title='bbox 282 1343 426 1407; x_wconf 89' lang='lat' dir='ltr'><strong>sublatus</strong></span> <span class='ocrx_word' id='word_1_91' title='bbox 458 1343 541 1407; x_wconf 87' lang='lat' dir='ltr'><strong>uires</strong></span> <span class='ocrx_word' id='word_1_92' title='bbox 572 1343 751 1424; x_wconf 84' lang='lat' dir='ltr'><strong>resumpsit.</strong></span> <span class='ocrx_word' id='word_1_93' title='bbox 785 1348 816 1407; x_wconf 97' lang='lat' dir='ltr'><strong>et</strong></span> <span class='ocrx_word' id='word_1_94' title='bbox 846 1345 960 1410; x_wconf 84' lang='lat' dir='ltr'><strong>iterum</strong></span> <span class='ocrx_word' id='word_1_95' title='bbox 992 1349 1025 1411; x_wconf 89' lang='lat' dir='ltr'><strong>et</strong></span> <span class='ocrx_word' id='word_1_96' title='bbox 1046 1345 1108 1411; x_wconf 89' lang='lat' dir='ltr'><strong>ulia</strong></span> <span class='ocrx_word' id='word_1_97' title='bbox 1128 1346 1200 1412; x_wconf 89' lang='lat' dir='ltr'><strong>uice</strong></span> <span class='ocrx_word' id='word_1_98' title='bbox 1218 1366 1293 1412; x_wconf 89' lang='lat' dir='ltr'><strong>cum</strong></span> <span class='ocrx_word' id='word_1_99' title='bbox 1312 1381 1336 1418; x_wconf 82' lang='lat' dir='ltr'><strong>n</strong></span> 
     </span>
     <span class='ocr_line' id='line_1_12' title="bbox 168 1446 1294 1536; baseline 0.006 -25"><span class='ocrx_word' id='word_1_100' title='bbox 168 1448 329 1532; x_wconf 81' lang='lat' dir='ltr'><strong>ingressus</strong></span> <span class='ocrx_word' id='word_1_101' title='bbox 361 1446 505 1525; x_wconf 80' lang='lat' dir='ltr'><strong>sedisset,</strong></span> <span class='ocrx_word' id='word_1_102' title='bbox 542 1446 687 1512; x_wconf 86' lang='lat' dir='ltr'><strong>similiter</strong></span> <span class='ocrx_word' id='word_1_103' title='bbox 726 1449 844 1532; x_wconf 92' lang='lat' dir='ltr'><strong>patitur</strong></span> <span class='ocrx_word' id='word_1_104' title='bbox 879 1467 936 1515; x_wconf 91' lang='lat' dir='ltr'><strong>nen</strong></span> <span class='ocrx_word' id='word_1_105' title='bbox 971 1449 1073 1515; x_wconf 81' lang='lat' dir='ltr'><strong>adhuc</strong></span> <span class='ocrx_word' id='word_1_106' title='bbox 1106 1451 1294 1536; x_wconf 85' lang='lat' dir='ltr'><strong>intellegens</strong></span> 
     </span>
    </p>

    <p class='ocr_par' dir='ltr' id='par_1_5' title="bbox 46 1552 1338 2062">
     <span class='ocr_line' id='line_1_13' title="bbox 46 1552 1294 1638; baseline 0.006 -22"><span class='ocrx_word' id='word_1_107' title='bbox 46 1586 54 1599; x_wconf 90' lang='lat'><strong>·</strong></span> <span class='ocrx_word' id='word_1_108' title='bbox 167 1571 283 1635; x_wconf 87' lang='lat' dir='ltr'><strong>poenas</strong></span> <span class='ocrx_word' id='word_1_109' title='bbox 306 1570 381 1616; x_wconf 91' lang='lat' dir='ltr'><strong>suae</strong></span> <span class='ocrx_word' id='word_1_110' title='bbox 404 1552 577 1616; x_wconf 78' lang='lat' dir='ltr'><strong>maculatae</strong></span> <span class='ocrx_word' id='word_1_111' title='bbox 601 1552 840 1619; x_wconf 84' lang='lat' dir='ltr'><strong>communionis.</strong></span> <span class='ocrx_word' id='word_1_112' title='bbox 863 1554 1065 1620; x_wconf 85' lang='lat' dir='ltr'><strong>nihilominus</strong></span> <span class='ocrx_word' id='word_1_113' title='bbox 1087 1560 1199 1638; x_wconf 90' lang='lat' dir='ltr'><strong>postea</strong></span> <span class='ocrx_word' id='word_1_114' title='bbox 1219 1576 1294 1623; x_wconf 92' lang='lat' dir='ltr'><strong>cnm</strong></span> 
     </span>
     <span class='ocr_line' id='line_1_14' title="bbox 167 1658 1296 1741; baseline 0.005 -20"><span class='ocrx_word' id='word_1_115' title='bbox 167 1658 281 1722; x_wconf 89' lang='lat' dir='ltr'><strong>intrare</strong></span> <span class='ocrx_word' id='word_1_116' title='bbox 305 1660 547 1741; x_wconf 87' lang='lat' dir='ltr'><strong>perseuerasset,</strong></span> <span class='ocrx_word' id='word_1_117' title='bbox 578 1658 624 1723; x_wconf 89' lang='lat' dir='ltr'><strong>ita</strong></span> <span class='ocrx_word' id='word_1_118' title='bbox 654 1659 746 1724; x_wconf 90' lang='lat' dir='ltr'><strong>tertia</strong></span> <span class='ocrx_word' id='word_1_119' title='bbox 777 1659 847 1724; x_wconf 92' lang='lat' dir='ltr'><strong>nice</strong></span> <span class='ocrx_word' id='word_1_120' title='bbox 875 1659 912 1724; x_wconf 89' lang='lat' dir='ltr'><strong>de</strong></span> <span class='ocrx_word' id='word_1_121' title='bbox 935 1659 1045 1725; x_wconf 85' lang='lat' dir='ltr'><strong>throno</strong></span> <span class='ocrx_word' id='word_1_122' title='bbox 1068 1661 1233 1740; x_wconf 79' lang='lat' dir='ltr'><strong>excutitur,</strong></span> <span class='ocrx_word' id='word_1_123' title='bbox 1258 1667 1296 1727; x_wconf 88' lang='lat' dir='ltr'><strong>ut</strong></span> 
     </span>
     <span class='ocr_line' id='line_1_15' title="bbox 169 1762 1295 1848; baseline 0.006 -21"><span class='ocrx_word' id='word_1_124' title='bbox 169 1763 259 1846; x_wconf 88' lang='lat' dir='ltr'><strong>qnasi</strong></span> <span class='ocrx_word' id='word_1_125' title='bbox 281 1762 429 1846; x_wconf 85' lang='lat' dir='ltr'><strong>indiguus</strong></span> <span class='ocrx_word' id='word_1_126' title='bbox 451 1764 562 1829; x_wconf 91' lang='lat' dir='ltr'><strong>throno</strong></span> <span class='ocrx_word' id='word_1_127' title='bbox 585 1764 696 1846; x_wconf 87' lang='lat' dir='ltr'><strong>repelli</strong></span> <span class='ocrx_word' id='word_1_128' title='bbox 709 1765 877 1841; x_wconf 88' lang='lat' dir='ltr'><strong>uideretur,</strong></span> <span class='ocrx_word' id='word_1_129' title='bbox 892 1771 986 1848; x_wconf 88' lang='lat' dir='ltr'><strong>atque</strong></span> <span class='ocrx_word' id='word_1_130' title='bbox 1009 1766 1106 1831; x_wconf 89' lang='lat' dir='ltr'><strong>elisus</strong></span> <span class='ocrx_word' id='word_1_131' title='bbox 1128 1767 1295 1834; x_wconf 87' lang='lat' dir='ltr'><strong>interram</strong></span> 
     </span>
     <span class='ocr_line' id='line_1_16' title="bbox 168 1869 1338 1958; baseline 0.005 -24"><span class='ocrx_word' id='word_1_132' title='bbox 168 1869 213 1934; x_wconf 91' lang='lat' dir='ltr'><strong>ita</strong></span> <span class='ocrx_word' id='word_1_133' title='bbox 234 1870 391 1952; x_wconf 82' lang='lat' dir='ltr'><strong>palpitans</strong></span> <span class='ocrx_word' id='word_1_134' title='bbox 415 1871 627 1954; x_wconf 84' lang='lat' dir='ltr'><strong>torquebatur,</strong></span> <span class='ocrx_word' id='word_1_135' title='bbox 659 1875 697 1934; x_wconf 90' lang='lat' dir='ltr'><strong>ut</strong></span> <span class='ocrx_word' id='word_1_136' title='bbox 723 1890 794 1935; x_wconf 87' lang='lat' dir='ltr'><strong>enm</strong></span> <span class='ocrx_word' id='word_1_137' title='bbox 818 1872 950 1953; x_wconf 83' lang='lat' dir='ltr'><strong>quadam</strong></span> <span class='ocrx_word' id='word_1_138' title='bbox 974 1872 1088 1936; x_wconf 83' lang='lat' dir='ltr'><strong>duritia</strong></span> <span class='ocrx_word' id='word_1_139' title='bbox 1114 1875 1146 1935; x_wconf 85' lang='lat' dir='ltr'><strong>et</strong></span> <span class='ocrx_word' id='word_1_140' title='bbox 1168 1875 1294 1958; x_wconf 85' lang='lat' dir='ltr'><strong>magnis</strong></span> <span class='ocrx_word' id='word_1_141' title='bbox 1315 1907 1338 1948; x_wconf 68' lang='lat'><strong>‚⁵</strong></span> 
     </span>
     <span class='ocr_line' id='line_1_17' title="bbox 169 1975 1295 2062; baseline 0.004 -22"><span class='ocrx_word' id='word_1_142' title='bbox 169 1975 358 2040; x_wconf 88' lang='lat' dir='ltr'><strong>cruciatibus</strong></span> <span class='ocrx_word' id='word_1_143' title='bbox 381 1976 480 2041; x_wconf 90' lang='lat' dir='ltr'><strong>eidem</strong></span> <span class='ocrx_word' id='word_1_144' title='bbox 504 1976 632 2057; x_wconf 88' lang='lat' dir='ltr'><strong>spiritus</strong></span> <span class='ocrx_word' id='word_1_145' title='bbox 656 1981 897 2060; x_wconf 83' lang='lat' dir='ltr'><strong>extorqueretur,</strong></span> <span class='ocrx_word' id='word_1_146' title='bbox 930 1982 962 2041; x_wconf 92' lang='lat' dir='ltr'><strong>et</strong></span> <span class='ocrx_word' id='word_1_147' title='bbox 983 1977 1054 2042; x_wconf 89' lang='lat' dir='ltr'><strong>inde</strong></span> <span class='ocrx_word' id='word_1_148' title='bbox 1085 1978 1148 2041; x_wconf 90' lang='lat' dir='ltr'><strong>iam</strong></span> <span class='ocrx_word' id='word_1_149' title='bbox 1169 1978 1295 2062; x_wconf 88' lang='lat' dir='ltr'><strong>tollitur</strong></span> 
     </span>
    </p>

    <p class='ocr_par' dir='ltr' id='par_1_6' title="bbox 117 2079 1340 2587">
     <span class='ocr_line' id='line_1_18' title="bbox 117 2079 1295 2165; baseline 0.008 -25"><span class='ocrx_word' id='word_1_150' title='bbox 117 2079 227 2146; x_wconf 69' lang='lat' dir='ltr'><strong>elnon</strong></span> <span class='ocrx_word' id='word_1_151' title='bbox 253 2100 287 2146; x_wconf 90' lang='lat' dir='ltr'><strong>ex</strong></span> <span class='ocrx_word' id='word_1_152' title='bbox 309 2085 395 2146; x_wconf 87' lang='lat' dir='ltr'><strong>inore</strong></span> <span class='ocrx_word' id='word_1_153' title='bbox 422 2081 625 2146; x_wconf 85' lang='lat' dir='ltr'><strong>resumendus</strong></span> <span class='ocrx_word' id='word_1_154' title='bbox 658 2083 713 2147; x_wconf 80' lang='lat' dir='ltr'><strong>sed</strong></span> <span class='ocrx_word' id='word_1_155' title='bbox 745 2082 952 2165; x_wconf 84' lang='lat' dir='ltr'><strong>sepeliendus.</strong></span> <span class='ocrx_word' id='word_1_156' title='bbox 1019 2083 1080 2148; x_wconf 88' lang='lat' dir='ltr'><strong>scit</strong></span> <span class='ocrx_word' id='word_1_157' title='bbox 1109 2083 1179 2161; x_wconf 89' lang='lat' dir='ltr'><strong>hoc,</strong></span> <span class='ocrx_word' id='word_1_158' title='bbox 1209 2084 1295 2165; x_wconf 84' lang='lat' dir='ltr'><strong>quod</strong></span> 
     </span>
     <span class='ocr_line' id='line_1_19' title="bbox 168 2186 1295 2272; baseline 0.004 -22"><span class='ocrx_word' id='word_1_159' title='bbox 168 2186 341 2263; x_wconf 81' lang='lat' dir='ltr'><strong>relerimns,</strong></span> <span class='ocrx_word' id='word_1_160' title='bbox 365 2205 478 2270; x_wconf 87' lang='lat' dir='ltr'><strong>magna</strong></span> <span class='ocrx_word' id='word_1_161' title='bbox 499 2187 612 2252; x_wconf 89' lang='lat' dir='ltr'><strong>ciuitas</strong></span> <span class='ocrx_word' id='word_1_162' title='bbox 633 2188 781 2267; x_wconf 84' lang='lat' dir='ltr'><strong>Emerita,</strong></span> <span class='ocrx_word' id='word_1_163' title='bbox 805 2189 895 2253; x_wconf 90' lang='lat' dir='ltr'><strong>cuius</strong></span> <span class='ocrx_word' id='word_1_164' title='bbox 917 2188 949 2253; x_wconf 88' lang='lat' dir='ltr'><strong>in</strong></span> <span class='ocrx_word' id='word_1_165' title='bbox 972 2188 1105 2253; x_wconf 91' lang='lat' dir='ltr'><strong>ecclesia</strong></span> <span class='ocrx_word' id='word_1_166' title='bbox 1124 2189 1214 2272; x_wconf 91' lang='lat' dir='ltr'><strong>plebs</strong></span> <span class='ocrx_word' id='word_1_167' title='bbox 1232 2189 1295 2254; x_wconf 88' lang='lat' dir='ltr'><strong>lroc</strong></span> 
     </span>
     <span class='ocr_line' id='line_1_20' title="bbox 169 2292 1294 2374; baseline 0.004 -19"><span class='ocrx_word' id='word_1_168' title='bbox 169 2292 274 2374; x_wconf 89' lang='lat' dir='ltr'><strong>ipsum</strong></span> <span class='ocrx_word' id='word_1_169' title='bbox 297 2292 364 2357; x_wconf 90' lang='lat' dir='ltr'><strong>suis</strong></span> <span class='ocrx_word' id='word_1_170' title='bbox 396 2292 478 2356; x_wconf 81' lang='lat' dir='ltr'><strong>uidit</strong></span> <span class='ocrx_word' id='word_1_171' title='bbox 508 2293 681 2358; x_wconf 90' lang='lat' dir='ltr'><strong>obtutibus.</strong></span> <span class='ocrx_word' id='word_1_172' title='bbox 715 2293 770 2358; x_wconf 90' lang='lat' dir='ltr'><strong>scd</strong></span> <span class='ocrx_word' id='word_1_173' title='bbox 801 2297 833 2357; x_wconf 89' lang='lat' dir='ltr'><strong>et</strong></span> <span class='ocrx_word' id='word_1_174' title='bbox 863 2292 1209 2358; x_wconf 78' lang='lat' dir='ltr'><strong>hocconsirlerandum</strong></span> <span class='ocrx_word' id='word_1_175' title='bbox 1233 2296 1294 2373; x_wconf 91' lang='lat' dir='ltr'><strong>est,</strong></span> 
     </span>
     <span class='ocr_line' id='line_1_21' title="bbox 171 2397 1340 2482; baseline 0.003 -21"><span class='ocrx_word' id='word_1_176' title='bbox 171 2398 243 2481; x_wconf 88' lang='lat' dir='ltr'><strong>qnia</strong></span> <span class='ocrx_word' id='word_1_177' title='bbox 273 2397 449 2462; x_wconf 89' lang='lat' dir='ltr'><strong>Florentius</strong></span> <span class='ocrx_word' id='word_1_178' title='bbox 480 2397 558 2463; x_wconf 89' lang='lat' dir='ltr'><strong>haec</strong></span> <span class='ocrx_word' id='word_1_179' title='bbox 587 2417 699 2481; x_wconf 89' lang='lat' dir='ltr'><strong>passus</strong></span> <span class='ocrx_word' id='word_1_180' title='bbox 731 2401 789 2476; x_wconf 95' lang='lat' dir='ltr'><strong>est,</strong></span> <span class='ocrx_word' id='word_1_181' title='bbox 826 2399 880 2480; x_wconf 87' lang='lat' dir='ltr'><strong>qni</strong></span> <span class='ocrx_word' id='word_1_182' title='bbox 907 2398 1043 2463; x_wconf 89' lang='lat' dir='ltr'><strong>nondum</strong></span> <span class='ocrx_word' id='word_1_183' title='bbox 1066 2398 1340 2482; x_wconf 69' lang='lat' dir='ltr'><strong>subscripserat„</strong></span> 
     </span>
     <span class='ocr_line' id='line_1_22' title="bbox 169 2502 1295 2587; baseline 0.005 -21"><span class='ocrx_word' id='word_1_184' title='bbox 169 2503 334 2586; x_wconf 88' lang='lat' dir='ltr'><strong>impietati,</strong></span> <span class='ocrx_word' id='word_1_185' title='bbox 366 2502 422 2567; x_wconf 89' lang='lat' dir='ltr'><strong>sed</strong></span> <span class='ocrx_word' id='word_1_186' title='bbox 452 2507 588 2568; x_wconf 87' lang='lat' dir='ltr'><strong>tantum</strong></span> <span class='ocrx_word' id='word_1_187' title='bbox 606 2504 689 2586; x_wconf 86' lang='lat' dir='ltr'><strong>qnod</strong></span> <span class='ocrx_word' id='word_1_188' title='bbox 721 2505 963 2570; x_wconf 87' lang='lat' dir='ltr'><strong>communicanit</strong></span> <span class='ocrx_word' id='word_1_189' title='bbox 993 2505 1295 2587; x_wconf 84' lang='lat' dir='ltr'><strong>praeuaricatoribus</strong></span> 
     </span>
    </p>

    <p class='ocr_par' dir='ltr' id='par_1_7' title="bbox 118 2606 1295 2693">
     <span class='ocr_line' id='line_1_23' title="bbox 118 2606 1295 2693; baseline 0.003 -23"><span class='ocrx_word' id='word_1_190' title='bbox 118 2606 242 2674; x_wconf 77' lang='lat' dir='ltr'><strong>45firlei</strong></span> <span class='ocrx_word' id='word_1_191' title='bbox 266 2627 326 2673; x_wconf 91' lang='lat' dir='ltr'><strong>non</strong></span> <span class='ocrx_word' id='word_1_192' title='bbox 348 2608 493 2692; x_wconf 87' lang='lat' dir='ltr'><strong>ignoraus</strong></span> <span class='ocrx_word' id='word_1_193' title='bbox 525 2628 633 2693; x_wconf 83' lang='lat' dir='ltr'><strong>eorum</strong></span> <span class='ocrx_word' id='word_1_194' title='bbox 655 2610 962 2692; x_wconf 89' lang='lat' dir='ltr'><strong>praeuaricationem.</strong></span> <span class='ocrx_word' id='word_1_195' title='bbox 1029 2610 1087 2674; x_wconf 91' lang='lat' dir='ltr'><strong>hoc</strong></span> <span class='ocrx_word' id='word_1_196' title='bbox 1118 2608 1189 2676; x_wconf 83' lang='lat' dir='ltr'><strong>ideo</strong></span> <span class='ocrx_word' id='word_1_197' title='bbox 1212 2609 1295 2674; x_wconf 90' lang='lat' dir='ltr'><strong>intu-</strong></span> 
     </span>
    </p>

    <p class='ocr_par' dir='ltr' id='par_1_8' title="bbox 125 2712 1340 3010">
     <span class='ocr_line' id='line_1_24' title="bbox 125 2712 1336 2800; baseline 0.001 -21"><span class='ocrx_word' id='word_1_198' title='bbox 125 2757 126 2761; x_wconf 57' lang='lat'><em>=</em></span> <span class='ocrx_word' id='word_1_199' title='bbox 169 2715 276 2791; x_wconf 87' lang='lat' dir='ltr'><strong>limus,</strong></span> <span class='ocrx_word' id='word_1_200' title='bbox 299 2717 337 2778; x_wconf 90' lang='lat' dir='ltr'><strong>ut</strong></span> <span class='ocrx_word' id='word_1_201' title='bbox 359 2712 485 2778; x_wconf 88' lang='lat' dir='ltr'><strong>uideant</strong></span> <span class='ocrx_word' id='word_1_202' title='bbox 506 2715 563 2792; x_wconf 91' lang='lat' dir='ltr'><strong>illi,</strong></span> <span class='ocrx_word' id='word_1_203' title='bbox 596 2715 672 2797; x_wconf 90' lang='lat' dir='ltr'><strong>qnid</strong></span> <span class='ocrx_word' id='word_1_204' title='bbox 694 2716 754 2780; x_wconf 89' lang='lat' dir='ltr'><strong>sibi</strong></span> <span class='ocrx_word' id='word_1_205' title='bbox 781 2716 933 2800; x_wconf 87' lang='lat' dir='ltr'><strong>agendum</strong></span> <span class='ocrx_word' id='word_1_206' title='bbox 967 2715 1018 2794; x_wconf 91' lang='lat' dir='ltr'><strong>sit,</strong></span> <span class='ocrx_word' id='word_1_207' title='bbox 1051 2715 1105 2798; x_wconf 91' lang='lat' dir='ltr'><strong>qni</strong></span> <span class='ocrx_word' id='word_1_208' title='bbox 1136 2733 1207 2780; x_wconf 90' lang='lat' dir='ltr'><strong>cnm</strong></span> <span class='ocrx_word' id='word_1_209' title='bbox 1230 2733 1294 2780; x_wconf 91' lang='lat' dir='ltr'><strong>non</strong></span> <span class='ocrx_word' id='word_1_210' title='bbox 1333 2745 1336 2751; x_wconf 95' lang='lat'>·</span> 
     </span>
     <span class='ocr_line' id='line_1_25' title="bbox 171 2818 1296 2903; baseline 0 -18"><span class='ocrx_word' id='word_1_211' title='bbox 171 2818 412 2901; x_wconf 86' lang='lat' dir='ltr'><strong>subscripserint</strong></span> <span class='ocrx_word' id='word_1_212' title='bbox 448 2823 485 2883; x_wconf 91' lang='lat' dir='ltr'><strong>nt</strong></span> <span class='ocrx_word' id='word_1_213' title='bbox 517 2821 788 2903; x_wconf 86' lang='lat' dir='ltr'><strong>praeuaricatores,</strong></span> <span class='ocrx_word' id='word_1_214' title='bbox 820 2825 924 2886; x_wconf 86' lang='lat' dir='ltr'><strong>tamen</strong></span> <span class='ocrx_word' id='word_1_215' title='bbox 959 2840 1013 2903; x_wconf 91' lang='lat' dir='ltr'><strong>per</strong></span> <span class='ocrx_word' id='word_1_216' title='bbox 1043 2819 1296 2885; x_wconf 87' lang='lat' dir='ltr'><strong>communionem</strong></span> 
     </span>
     <span class='ocr_line' id='line_1_26' title="bbox 171 2925 1340 3010; baseline 0.003 -20"><span class='ocrx_word' id='word_1_217' title='bbox 171 2925 468 3010; x_wconf 82' lang='lat' dir='ltr'><strong>praeuaricatoribus</strong></span> <span class='ocrx_word' id='word_1_218' title='bbox 500 2925 559 2990; x_wconf 89' lang='lat' dir='ltr'><strong>sibi</strong></span> <span class='ocrx_word' id='word_1_219' title='bbox 592 2926 726 3010; x_wconf 81' lang='lat' dir='ltr'><strong>cognitis</strong></span> <span class='ocrx_word' id='word_1_220' title='bbox 758 2926 897 3009; x_wconf 89' lang='lat' dir='ltr'><strong>copulati</strong></span> <span class='ocrx_word' id='word_1_221' title='bbox 927 2930 1010 3004; x_wconf 88' lang='lat' dir='ltr'><strong>suut,</strong></span> <span class='ocrx_word' id='word_1_222' title='bbox 1043 2930 1076 2992; x_wconf 92' lang='lat' dir='ltr'><strong>et</strong></span> <span class='ocrx_word' id='word_1_223' title='bbox 1100 2930 1177 3008; x_wconf 87' lang='lat' dir='ltr'><strong>puto</strong></span> <span class='ocrx_word' id='word_1_224' title='bbox 1210 2926 1296 3008; x_wconf 84' lang='lat' dir='ltr'><strong>quod</strong></span> <span class='ocrx_word' id='word_1_225' title='bbox 1312 2952 1340 2994; x_wconf 83' lang='lat' dir='ltr'><strong>an</strong></span> 
     </span>
    </p>

    <p class='ocr_par' dir='ltr' id='par_1_9' title="bbox 120 3029 1342 3642">
     <span class='ocr_line' id='line_1_27' title="bbox 120 3029 1296 3114; baseline 0.003 -22"><span class='ocrx_word' id='word_1_226' title='bbox 120 3030 162 3093; x_wconf 83' lang='grc'><strong>46</strong></span> <span class='ocrx_word' id='word_1_227' title='bbox 171 3030 365 3114; x_wconf 86' lang='lat' dir='ltr'><strong>intellegant,</strong></span> <span class='ocrx_word' id='word_1_228' title='bbox 402 3029 477 3112; x_wconf 86' lang='lat' dir='ltr'><strong>qnid</strong></span> <span class='ocrx_word' id='word_1_229' title='bbox 515 3033 655 3114; x_wconf 89' lang='lat' dir='ltr'><strong>exemplo</strong></span> <span class='ocrx_word' id='word_1_230' title='bbox 691 3031 841 3097; x_wconf 83' lang='lat' dir='ltr'><strong>Florentii</strong></span> <span class='ocrx_word' id='word_1_231' title='bbox 877 3032 987 3097; x_wconf 89' lang='lat' dir='ltr'><strong>timere</strong></span> <span class='ocrx_word' id='word_1_232' title='bbox 1024 3031 1166 3097; x_wconf 82' lang='lat' dir='ltr'><strong>debeant.</strong></span> <span class='ocrx_word' id='word_1_233' title='bbox 1239 3031 1296 3096; x_wconf 91' lang='lat' dir='ltr'><strong>sed</strong></span> 
     </span>
     <span class='ocr_line' id='line_1_28' title="bbox 171 3128 1295 3220; baseline 0.002 -18"><span class='ocrx_word' id='word_1_234' title='bbox 171 3138 299 3220; x_wconf 86' lang='lat' dir='ltr'><strong>longum</strong></span> <span class='ocrx_word' id='word_1_235' title='bbox 323 3137 372 3200; x_wconf 89' lang='lat' dir='ltr'><strong>est</strong></span> <span class='ocrx_word' id='word_1_236' title='bbox 392 3134 504 3199; x_wconf 88' lang='lat' dir='ltr'><strong>referre</strong></span> <span class='ocrx_word' id='word_1_237' title='bbox 527 3128 588 3201; x_wconf 84' lang='lat' dir='ltr'><strong>alia</strong></span> <span class='ocrx_word' id='word_1_238' title='bbox 610 3155 734 3219; x_wconf 88' lang='lat' dir='ltr'><strong>quoqne</strong></span> <span class='ocrx_word' id='word_1_239' title='bbox 757 3135 942 3201; x_wconf 85' lang='lat' dir='ltr'><strong>documenta</strong></span> <span class='ocrx_word' id='word_1_240' title='bbox 954 3135 1063 3217; x_wconf 90' lang='lat' dir='ltr'><strong>poenis</strong></span> <span class='ocrx_word' id='word_1_241' title='bbox 1077 3136 1295 3218; x_wconf 87' lang='lat' dir='ltr'><strong>praesentibus</strong></span> 
     </span>
     <span class='ocr_line' id='line_1_29' title="bbox 173 3240 1294 3323; baseline -0.001 -16"><span class='ocrx_word' id='word_1_242' title='bbox 173 3243 336 3307; x_wconf 86' lang='lat' dir='ltr'><strong>damnatae</strong></span> <span class='ocrx_word' id='word_1_243' title='bbox 358 3240 641 3323; x_wconf 87' lang='lat' dir='ltr'><strong>praeuaricationis,</strong></span> <span class='ocrx_word' id='word_1_244' title='bbox 673 3260 753 3323; x_wconf 85' lang='lat' dir='ltr'><strong>quae</strong></span> <span class='ocrx_word' id='word_1_245' title='bbox 784 3242 925 3306; x_wconf 89' lang='lat' dir='ltr'><strong>diuinum</strong></span> <span class='ocrx_word' id='word_1_246' title='bbox 956 3240 1107 3305; x_wconf 87' lang='lat' dir='ltr'><strong>iudicium</strong></span> <span class='ocrx_word' id='word_1_247' title='bbox 1139 3241 1235 3306; x_wconf 89' lang='lat' dir='ltr'><strong>uariis</strong></span> <span class='ocrx_word' id='word_1_248' title='bbox 1261 3242 1294 3306; x_wconf 93' lang='lat' dir='ltr'><strong>in</strong></span> 
     </span>
     <span class='ocr_line' id='line_1_30' title="bbox 172 3345 1296 3431; baseline -0.003 -18"><span class='ocrx_word' id='word_1_249' title='bbox 172 3347 251 3413; x_wconf 90' lang='lat' dir='ltr'><strong>locis</strong></span> <span class='ocrx_word' id='word_1_250' title='bbox 275 3345 419 3414; x_wconf 85' lang='lat' dir='ltr'><strong>exercuit.</strong></span> <span class='ocrx_word' id='word_1_251' title='bbox 444 3346 483 3410; x_wconf 84' lang='lat' dir='ltr'><strong>ad</strong></span> <span class='ocrx_word' id='word_1_252' title='bbox 504 3347 565 3412; x_wconf 90' lang='lat' dir='ltr'><strong>hnc</strong></span> <span class='ocrx_word' id='word_1_253' title='bbox 588 3347 719 3424; x_wconf 89' lang='lat' dir='ltr'><strong>scilicet,</strong></span> <span class='ocrx_word' id='word_1_254' title='bbox 743 3350 780 3412; x_wconf 93' lang='lat' dir='ltr'><strong>nt</strong></span> <span class='ocrx_word' id='word_1_255' title='bbox 802 3347 856 3429; x_wconf 89' lang='lat' dir='ltr'><strong>qni</strong></span> <span class='ocrx_word' id='word_1_256' title='bbox 878 3348 1048 3431; x_wconf 87' lang='lat' dir='ltr'><strong>scripturas</strong></span> <span class='ocrx_word' id='word_1_257' title='bbox 1075 3346 1199 3412; x_wconf 88' lang='lat' dir='ltr'><strong>dininas</strong></span> <span class='ocrx_word' id='word_1_258' title='bbox 1222 3365 1296 3429; x_wconf 90' lang='lat' dir='ltr'><strong>qua·</strong></span> 
     </span>
     <span class='ocr_line' id='line_1_31' title="bbox 175 3452 1342 3536; baseline -0.001 -17"><span class='ocrx_word' id='word_1_259' title='bbox 175 3454 245 3519; x_wconf 86' lang='lat' dir='ltr'><strong>dam</strong></span> <span class='ocrx_word' id='word_1_260' title='bbox 268 3452 387 3517; x_wconf 87' lang='lat' dir='ltr'><strong>ratione</strong></span> <span class='ocrx_word' id='word_1_261' title='bbox 409 3470 470 3517; x_wconf 94' lang='lat' dir='ltr'><strong>uon</strong></span> <span class='ocrx_word' id='word_1_262' title='bbox 483 3453 620 3536; x_wconf 89' lang='lat' dir='ltr'><strong>respicit,</strong></span> <span class='ocrx_word' id='word_1_263' title='bbox 635 3455 687 3517; x_wconf 92' lang='lat' dir='ltr'><strong>uel</strong></span> <span class='ocrx_word' id='word_1_264' title='bbox 700 3452 857 3535; x_wconf 88' lang='lat' dir='ltr'><strong>praesenti</strong></span> <span class='ocrx_word' id='word_1_265' title='bbox 869 3453 997 3518; x_wconf 91' lang='lat' dir='ltr'><strong>ultionis</strong></span> <span class='ocrx_word' id='word_1_266' title='bbox 1016 3452 1140 3518; x_wconf 82' lang='lat' dir='ltr'><strong>diuinae</strong></span> <span class='ocrx_word' id='word_1_267' title='bbox 1159 3452 1295 3518; x_wconf 87' lang='lat' dir='ltr'><strong>animad-</strong></span> <span class='ocrx_word' id='word_1_268' title='bbox 1314 3478 1342 3526; x_wconf 77' lang='lat' dir='ltr'><strong>ao</strong></span> 
     </span>
     <span class='ocr_line' id='line_1_32' title="bbox 173 3557 1294 3642; baseline 0.002 -18"><span class='ocrx_word' id='word_1_269' title='bbox 173 3559 316 3624; x_wconf 88' lang='lat' dir='ltr'><strong>nersione</strong></span> <span class='ocrx_word' id='word_1_270' title='bbox 337 3557 511 3642; x_wconf 89' lang='lat' dir='ltr'><strong>intellegat,</strong></span> <span class='ocrx_word' id='word_1_271' title='bbox 535 3559 610 3641; x_wconf 78' lang='lat' dir='ltr'><strong>quirl</strong></span> <span class='ocrx_word' id='word_1_272' title='bbox 633 3559 694 3625; x_wconf 87' lang='lat' dir='ltr'><strong>sibi</strong></span> <span class='ocrx_word' id='word_1_273' title='bbox 716 3559 897 3624; x_wconf 83' lang='lat' dir='ltr'><strong>sectandum</strong></span> <span class='ocrx_word' id='word_1_274' title='bbox 914 3558 963 3623; x_wconf 88' lang='lat' dir='ltr'><strong>sit</strong></span> <span class='ocrx_word' id='word_1_275' title='bbox 984 3559 1098 3641; x_wconf 85' lang='lat' dir='ltr'><strong>quidue</strong></span> <span class='ocrx_word' id='word_1_276' title='bbox 1120 3559 1294 3626; x_wconf 86' lang='lat' dir='ltr'><strong>uitandum.</strong></span> 
     </span>
    </p>
   </div>
   <div class='ocr_carea' id='block_1_4' title="bbox 264 3765 583 3834">
    <p class='ocr_par' dir='ltr' id='par_1_10' title="bbox 264 3765 583 3834">
     <span class='ocr_line' id='line_1_33' title="bbox 264 3765 583 3834; baseline 0.009 -16"><span class='ocrx_word' id='word_1_277' title='bbox 264 3767 276 3818; x_wconf 95' lang='lat' dir='ltr'><strong>l</strong></span> <span class='ocrx_word' id='word_1_278' title='bbox 296 3765 359 3820; x_wconf 87' lang='lat' dir='ltr'><strong>Luc.</strong></span> <span class='ocrx_word' id='word_1_279' title='bbox 379 3765 420 3834; x_wconf 76' lang='lat'><strong>12,</strong></span> <span class='ocrx_word' id='word_1_280' title='bbox 438 3765 473 3821; x_wconf 84' lang='lat'><strong>20</strong></span> <span class='ocrx_word' id='word_1_281' title='bbox 580 3791 583 3799; x_wconf 94' lang='lat'>·</span> 
     </span>
    </p>
   </div>
   <div class='ocr_carea' id='block_1_5' title="bbox 177 3886 1293 4120">
    <p class='ocr_par' dir='ltr' id='par_1_11' title="bbox 177 3886 1293 4120">
     <span class='ocr_line' id='line_1_34' title="bbox 211 3886 1293 3959; baseline 0 -17"><span class='ocrx_word' id='word_1_282' title='bbox 211 3890 244 3942; x_wconf 81' lang='lat'><strong>17</strong></span> <span class='ocrx_word' id='word_1_283' title='bbox 267 3904 339 3942; x_wconf 91' lang='lat' dir='ltr'><strong>more</strong></span> <span class='ocrx_word' id='word_1_284' title='bbox 361 3887 396 3942; x_wconf 85' lang='lat' dir='ltr'><strong>V:</strong></span> <span class='ocrx_word' id='word_1_285' title='bbox 419 3889 505 3942; x_wconf 81' lang='lat' dir='ltr'><strong>morte</strong></span> <span class='ocrx_word' id='word_1_286' title='bbox 525 3888 614 3958; x_wconf 80' lang='lat' dir='ltr'><strong>inepte</strong></span> <span class='ocrx_word' id='word_1_287' title='bbox 640 3888 725 3944; x_wconf 73' lang='lat' dir='ltr'><strong>Genu</strong></span> <span class='ocrx_word' id='word_1_288' title='bbox 743 3891 760 3943; x_wconf 87' lang='lat' dir='ltr'><strong>l.</strong></span> <span class='ocrx_word' id='word_1_289' title='bbox 779 3905 800 3944; x_wconf 88' lang='lat' dir='ltr'><strong>c.</strong></span> <span class='ocrx_word' id='word_1_290' title='bbox 814 3906 845 3959; x_wconf 85' lang='lat' dir='ltr'><strong>p.</strong></span> <span class='ocrx_word' id='word_1_291' title='bbox 866 3890 920 3942; x_wconf 77' lang='lat'><strong>315</strong></span> <span class='ocrx_word' id='word_1_292' title='bbox 994 3888 1028 3943; x_wconf 80' lang='lat'><strong>22</strong></span> <span class='ocrx_word' id='word_1_293' title='bbox 1050 3888 1190 3942; x_wconf 80' lang='lat' dir='ltr'><strong>retulimus</strong></span> <span class='ocrx_word' id='word_1_294' title='bbox 1212 3886 1293 3942; x_wconf 76' lang='lat' dir='ltr'><strong>Sirra.</strong></span> 
     </span>
     <span class='ocr_line' id='line_1_35' title="bbox 177 3975 1293 4046; baseline -0.001 -15"><span class='ocrx_word' id='word_1_295' title='bbox 177 3977 210 4031; x_wconf 82' lang='lat'><strong>30</strong></span> <span class='ocrx_word' id='word_1_296' title='bbox 228 3976 338 4030; x_wconf 91' lang='lat' dir='ltr'><strong>ultionis</strong></span> <span class='ocrx_word' id='word_1_297' title='bbox 356 3977 464 4046; x_wconf 72' lang='lat' dir='ltr'><strong>scripsi:</strong></span> <span class='ocrx_word' id='word_1_298' title='bbox 483 3978 584 4032; x_wconf 89' lang='lat' dir='ltr'><strong>ultione</strong></span> <span class='ocrx_word' id='word_1_299' title='bbox 607 3978 634 4032; x_wconf 90' lang='lat' dir='ltr'><strong><em>V</em></strong></span> <span class='ocrx_word' id='word_1_300' title='bbox 684 3977 776 4032; x_wconf 86' lang='lat' dir='ltr'><strong>diuina</strong></span> <span class='ocrx_word' id='word_1_301' title='bbox 794 3997 807 4029; x_wconf 87' lang='lat' dir='ltr'><strong>o</strong></span> <span class='ocrx_word' id='word_1_302' title='bbox 861 3978 1097 4046; x_wconf 79' lang='lat' dir='ltr'><strong>animaduersionis</strong></span> <span class='ocrx_word' id='word_1_303' title='bbox 1115 3977 1172 4032; x_wconf 81' lang='lat' dir='ltr'><strong>cod.</strong></span> <span class='ocrx_word' id='word_1_304' title='bbox 1190 3975 1293 4031; x_wconf 77' lang='lat' dir='ltr'><strong>Geraia.</strong></span> 
     </span>
     <span class='ocr_line' id='line_1_36' title="bbox 177 4063 731 4120; baseline -0.002 -1"><span class='ocrx_word' id='word_1_305' title='bbox 177 4069 231 4119; x_wconf 78' lang='lat'><strong>817</strong></span> <span class='ocrx_word' id='word_1_306' title='bbox 283 4065 316 4119; x_wconf 87' lang='grc'><strong>31</strong></span> <span class='ocrx_word' id='word_1_307' title='bbox 337 4065 475 4119; x_wconf 85' lang='lat' dir='ltr'><strong>uitandum</strong></span> <span class='ocrx_word' id='word_1_308' title='bbox 495 4063 536 4119; x_wconf 71' lang='lat'><strong>0²:</strong></span> <span class='ocrx_word' id='word_1_309' title='bbox 554 4064 683 4120; x_wconf 87' lang='lat' dir='ltr'><strong>utendum</strong></span> <span class='ocrx_word' id='word_1_310' title='bbox 705 4064 731 4119; x_wconf 79' lang='lat' dir='ltr'><em>V</em></span> 
     </span>
    </p>
   </div>
   <div class='ocr_carea' id='block_1_6' title="bbox 0 0 1456 4672">
    <p class='ocr_par' dir='ltr' id='par_1_12' title="bbox 0 0 1456 4672">
     <span class='ocr_line' id='line_1_37' title="bbox 0 0 1456 4672; baseline 0 0"><span class='ocrx_word' id='word_1_311' title='bbox 0 0 1456 4672; x_wconf 95' lang='lat' dir='ltr'><strong> </strong></span> 
     </span>
    </p>
   </div>
  </div>
 </body>
</html>
