2904 4672
167 279 231 342 404
377 271 478 326 Gelasii
495 271 516 324 1.
536 269 610 327 dicta
628 268 754 325 aduersus
772 268 947 338 Pelagianam
964 269 1094 322 haeresim

168 470 271 535 cium
295 486 379 531 cum
404 485 519 530 seruo
539 469 625 542 tuo,
645 466 966 546 quoniam<non>
995 461 1295 526 iustificabitur

170 577 205 639 in
234 575 454 655 conspectu
482 575 550 636 tuo
581 571 706 636 omnis
734 569 893 644 uiuens;
922 569 977 633 ubi
1005 569 1117 651 utique·
1140 567 1293 633 neminem

169 699 295 765 prorsus
323 679 485 743 hominum
515 676 703 741 discreuisse
730 676 926 758 perspicitur,
955 675 1038 739 sicut
1064 675 1149 739 idem
1171 674 1294 754 planius

169 790 226 853 boc
253 787 357 868 ipsum
384 785 515 866 loquens
544 783 804 864 manifestiusque
832 781 983 846 declarat:
1013 781 1092 845 diri
1121 783 1294 863 ‘pronun-

169 893 277 958 tiabo
306 892 521 956 aduersum
549 909 605 954 me
634 889 887 953 iniustitiam
913 908 1034 953 meam
1063 888 1232 952 domino'
1259 891 1331 953 ets

170 1004 211 1064 tu
234 997 436 1063 remisisti
458 997 707 1080 impietatem
730 996 862 1060 condis
883 995 966 1059 mei.
985 1015 1053 1078 pro
1072 995 1144 1058 hac
1164 995 1295 1060 orabit

171 1105 214 1169 ad
254 1108 291 1169 te
333 1103 458 1168 omnis
498 1106 667 1167 sanctus
703 1102 741 1165 in
778 1106 954 1183 tempore
991 1104 1207 1183 oportuno,
1243 1100 1294 1183 qui

169 1211 279 1292 ntique
301 1213 322 1293 †
345 1229 404 1274 non
427 1212 549 1290 poterat
578 1228 637 1272 non
669 1210 772 1272 solum
805 1208 958 1292 sublege
986 1210 1110 1272 sanctos
1143 1227 1213 1271 esse
1242 1205 1296 1270 sed

169 1316 200 1379 in
223 1315 328 1379 futura
351 1314 400 1378 dei
424 1315 524 1398 gratia
547 1313 760 1379 eminentioris
783 1314 935 1396 propositi
958 1314 1192 1396 postfuturum
1216 1312 1294 1376 unde

171 1422 254 1503 quod
281 1421 324 1484 ait
351 1421 388 1484 in
416 1425 591 1501 tempore
623 1423 862 1502 opportuno,
887 1440 946 1484 non
970 1420 1036 1484 sine
1059 1439 1162 1484 rernm
1187 1422 1293 1483 uentu·
1313 1441 1332 1479 10

165 1548 271 1592 rarum
301 1526 478 1609 cognitione
502 1527 670 1592 subiunxit.
696 1530 728 1590 et
750 1526 780 1590 in
804 1525 941 1590 oratione
965 1545 1023 1590 sua
1045 1526 1293 1608 sapientissimus

171 1631 1048 1714 Salomnnznonesthomo,quinonpeccauit,
1068 1639 1100 1695 et
1118 1632 1196 1696 item
1213 1632 1293 1713 ipse:

171 1738 259 1820 quis
280 1737 531 1822 gloriabitur
549 1740 705 1802 castum
725 1756 764 1801 sa
783 1738 927 1801 habere
947 1737 1295 1802 corautmundum

120 1847 211 1911 losa
243 1863 331 1908 esse
363 1864 381 1908 a
412 1843 606 1927 peccato?
666 1843 720 1907 sed
743 1862 780 1906 ne
803 1845 952 1924 putentur
972 1843 1099 1908 illorum
1121 1848 1295 1926 temporum

170 1950 270 2015 sancti
311 1950 348 2013 ab
389 1951 447 2014 hac
478 1948 731 2031 impassibilitate
767 1949 895 2013 forsitan
932 1950 1114 2032 excipiendi,
1152 1949 1295 2032 quoniam
1311 1969 1332 2009 n

168 2066 277 2128 <non>
315 2055 473 2120 concessis
509 2075 526 2119 a
564 2055 620 2118 deo
657 2054 843 2138 coniugibus
876 2057 1044 2120 utebantur
1074 2056 1236 2138 (quamuis
1267 2058 1296 2120 et

169 2162 279 2226 beatus
316 2162 423 2226 Helias
459 2160 620 2243 passibilis
656 2160 755 2224 fuisse
795 2164 994 2239 memoretur,
1035 2160 1296 2242 quemadmodum

168 2267 392 2349 consequentia
425 2267 635 2344 declarabunt,
669 2269 701 2329 et
732 2270 859 2331 sanctus
891 2267 1042 2348 propbeta
1072 2266 1209 2330 Danihel
1240 2285 1295 2331 non

170 2373 274 2437 solnm
305 2391 362 2456 pro
394 2373 502 2455 populi
535 2373 589 2435 sed
621 2373 714 2436 etiam
747 2392 800 2455 pro
833 2374 900 2437 suis
931 2373 1068 2454 peccatis
1099 2372 1297 2455 perhibeatur

169 2485 285 2556 orasse,
323 2478 407 2542 sicut
443 2480 509 2561 ipse
546 2478 639 2543 dicit:
681 2497 766 2543 cum
806 2499 956 2544 orarem
997 2482 1036 2543 ct
1076 2479 1333 2543 confiterere

170 2588 335 2667 peccata
371 2603 450 2650 mea
488 2587 526 2649 et
556 2587 725 2667 peccata
756 2586 897 2667 populi
930 2585 1005 2648 mei
1037 2584 1195 2650 domino
1228 2585 1294 2649 deo

170 2688 286 2772 meo),
313 2690 440 2754 tandem
461 2691 624 2754 ueniamus
649 2689 687 2754 ad
709 2691 818 2755 beatos
843 2691 1001 2772 apostolos
1025 2694 1056 2754 et
1078 2690 1165 2755 dicat
1187 2692 1295 2758 beatus

168 2795 224 2860 ille
255 2794 399 2872 Iacobus,
432 2796 487 2877 qni
520 2815 590 2859 cnm
624 2815 730 2860 omnes
763 2797 873 2879 ntique
904 2797 981 2861 insti
1014 2800 1120 2861 essent
1152 2797 1295 2880 apostoli,

169 2901 292 2982 proprie
316 2905 409 2983 atquo
433 2902 595 2982 speciatim
619 2901 696 2966 iusti
719 2902 778 2967 uiri
800 2902 1049 2987 praerogatiuam
1069 2903 1190 2986 legitur
1212 2904 1295 2967 adse-

169 3009 280 3071 cutus:
308 3007 453 3071 beatus
482 3007 559 3084 uir,
588 3007 654 3088 qui
683 3009 834 3072 suffert
856 3008 1182 3090 temptationem,
1207 3007 1333 3089 quiae

171 3129 257 3174 cum
297 3111 493 3194 probatus
534 3112 677 3190 fucrit,
720 3113 897 3197 accipiet
942 3133 1124 3179 coronam
1171 3110 1295 3190 uitae,

169 3229 281 3297 quarn
310 3217 547 3299 repromisit
575 3219 671 3283 dens
697 3220 972 3304 diligentibus
997 3240 1047 3297 se,
1071 3224 1104 3285 et
1127 3221 1205 3285 item
1226 3213 1297 3302 post

247 3407 274 3458 Ι4
301 3407 400 3460 Psalm.
428 3408 470 3471 31,
499 3410 515 3461 5
543 3425 581 3477 sq.
709 3410 740 3462 12
763 3409 834 3463 Eccl.
859 3411 883 3472 7,
907 3411 939 3463 21
1065 3410 1099 3464 13
1121 3410 1201 3465 Pron.
1222 3410 1296 3473 20,9

171 3495 291 3548 20111111,
312 3496 335 3558 9,
355 3497 389 3548 20
478 3497 512 3549 24
535 3496 567 3549 cf.
592 3496 673 3550 Clem.
699 3497 837 3550 Alexandr.
862 3499 1006 3568 (Hypotyp.
1030 3498 1068 3551 VI
1091 3501 1118 3551 et
1142 3499 1205 3566 Vll)
1229 3497 1297 3568 apud

171 3581 267 3636 Euseb.
291 3583 316 3636 h.
343 3601 363 3636 o.
390 3585 417 3636 II
441 3585 463 3645 l,
489 3585 504 3636 3
528 3589 555 3636 et
579 3588 606 3648 5;
630 3586 773 3654 Hegesipp.
796 3586 938 3654 (Hypornn.
958 3588 984 3654 b)
1003 3584 1073 3654 apud
1092 3587 1191 3641 Euseb.
1209 3587 1236 3640 11
1257 3587 1295 3648 23,

171 3673 188 3724 4
207 3688 263 3740 sqq.
270 3692 277 3735 ;
296 3672 449 3740 Hieronym.
468 3672 500 3726 de
521 3673 584 3725 uiris
603 3674 700 3727 illustr.
721 3675 737 3726 2
791 3674 824 3727 25
843 3673 895 3726 Iac.
917 3675 942 3737 l,
961 3674 993 3726 12

209 3794 402 3846 lnonadcto
439 3793 555 3847 3eidem
574 3795 604 3855 V,
624 3811 691 3848 corr.
707 3793 733 3864 ρ2
769 3797 941 3865 dimpietate
959 3795 990 3860 V,
1009 3813 1106 3852 corae
1162 3800 1251 3853 orauit
1268 3798 1297 3880 V,

172 3899 240 3936 corr.
263 3883 325 3960 Car.
370 3883 467 3949 8fort.
481 3887 548 3935 <non
568 3888 676 3952 putare>
696 3900 749 3936 non
767 3888 873 3952 poterat
927 3888 1032 3939 sanctus
1052 3884 1078 3937 ο2
1118 3887 1259 3942 afuturus
1274 3887 1298 3938 0²

174 3972 204 4023 11
233 3971 314 4038 sculpo
342 3986 398 4023 noo
421 3971 647 4038 interposuerunt
666 3979 730 4039 post
752 3973 888 4026 subiunxit
996 3975 1027 4028 13
1060 3976 1105 4043 qui
1134 3977 1165 4040 V,
1195 3994 1261 4032 corr.
1285 3997 1296 4029 o

173 4059 412 4111 atrtcxautemV
448 4060 480 4111 16
494 4076 547 4112 non
563 4060 661 4112 addidi
698 4062 729 4113 19
750 4061 922 4130 prohibeatur
940 4062 971 4124 V,
991 4078 1091 4116 cerco
1129 4064 1164 4119 25
1185 4069 1296 4136 tempta·

172 4148 247 4199 tione
270 4147 300 4209 V,
320 4163 387 4202 corr.
407 4166 420 4197 o
