2904 4672
166 212 228 276 186
426 208 469 262 Ad
486 210 593 263 Petrum
612 210 751 264 Fullonem
771 211 902 280 epistulae
920 213 1025 282 spuriae

122 404 142 467 6
165 423 253 468 sume
277 422 350 488 ergo
373 406 533 486 tamquam
555 405 658 469 fratris
681 406 729 470 tui
750 406 953 470 monitionem
972 408 1004 470 et
1022 406 1167 488 extingue
1185 405 1288 467 haere-

164 511 298 575 ticomm
320 510 480 576 fremitum
504 514 536 575 et
558 514 625 576 esto
648 514 755 593 pastor
778 513 885 577 ouium
908 516 941 576 et
957 531 1017 577 non
1034 513 1140 595 lupus.
1159 527 1288 592 sequere

166 617 260 682 etiam
288 617 505 682 beatissimum
532 618 680 682 Proclum
707 620 740 682 et
767 619 834 683 eins
861 619 892 682 in
917 618 1033 701 Campo
1055 616 1288 692 reuelationem‚

165 741 238 788 cum
252 726 384 789 tenores
399 727 514 798 essent,
534 725 566 788 et
584 723 770 807 simpliciter
787 743 862 788 cane
880 724 1041 808 trisagion,
1060 726 1097 788 ut
1112 723 1161 787 ira
1179 724 1288 798 cesset,

166 832 198 894 et
211 829 275 894 noli
288 848 396 894 rursus
410 829 532 894 ualidas
545 829 774 912 indignationes
792 830 921 914 erigere.
941 829 1076 912 alioquin
1094 831 1131 894 tu
1149 827 1289 904 uidebis3
1316 851 1328 890 a

165 935 341 1000 fratemitas
373 954 447 1001 uero
479 954 549 1000 mea
577 936 723 1001 innocens
755 937 814 1001 erit
845 939 877 1001 et
908 956 966 1021 ego
998 956 1069 1002 cum
1100 936 1145 1000 eis
1178 937 1211 1000 at
1238 932 1291 1016 qui

123 1039 289 1105 imarum
322 1043 396 1106 sunt
427 1042 596 1106 scribentes
630 1043 686 1107 tibi
719 1043 756 1107 de
787 1042 869 1108 istis.
935 1043 1023 1108 muni
1053 1041 1289 1123 temetipsum,

165 1147 339 1226 karissime,
368 1148 406 1212 ab
433 1147 606 1213 scandalis..
629 1148 766 1213 didicisti
794 1150 832 1213 ab
863 1150 957 1214 Esaia
988 1149 1106 1214 dicere:
1138 1149 1290 1212 sanctus

167 1255 321 1317 sanctus
359 1257 524 1319 sanctus.
560 1255 713 1337 numquid
749 1275 872 1320 crucem
905 1255 964 1321 tibi
1000 1256 1044 1320 ait
1079 1255 1205 1320 dicare?
1237 1250 1292 1316 sed

166 1359 272 1442 inquis
300 1361 385 1424 ‘tunc
411 1358 496 1424 filius
523 1379 584 1426 non
613 1366 678 1426 erat
705 1361 868 1426 crucifixus
897 1365 928 1426 et
953 1364 1116 1446 propterea
1136 1367 1211 1424 tunc
1233 1378 1292 1424 non
1311 1380 1331 1420 a

168 1469 217 1529 est
243 1464 409 1530 traditum:
437 1466 491 1548 qui
519 1466 683 1531 crucifixus
711 1487 764 1532 es.
794 1468 869 1550 quid
891 1472 987 1552 ergo?
1010 1486 1091 1532 nunc
1114 1466 1239 1531 seratim
1260 1467 1291 1530 in

166 1571 316 1656 trisagion
331 1571 512 1636 adiecerunt
534 1573 587 1655 qui
606 1573 770 1639 crucifixus
789 1575 843 1652 es',
863 1574 946 1656 quod
963 1576 1000 1638 tu
1019 1573 1120 1638 dicis?
1140 1575 1172 1638 at
1188 1572 1292 1655 inquis

179 1698 237 1743 non
261 1679 413 1743 arbitror.
436 1681 468 1741 et
491 1679 518 1742 si
541 1680 655 1745 nescis.
680 1681 835 1763 quomodo
854 1680 950 1763 impie
968 1681 1060 1765 agis?
1078 1699 1150 1744 nam
1169 1681 1202 1744 et
1221 1680 1293 1743 tunc

168 1785 329 1868 passiones
359 1785 460 1848 carnis
488 1784 577 1849 uerbi
604 1787 755 1868 propheta
782 1786 859 1851 dixit
886 1793 918 1850 et
945 1787 1096 1868 hymnum
1127 1783 1294 1849 dicandum

124 1888 145 1952 8
169 1889 369 1975 glorificando
392 1889 553 1974 trisagion.
610 1894 842 1966 cerumtamen
862 1892 1017 1974 quomodo
1037 1891 1114 1956 dicis
1134 1890 1334 1972 susciperes

168 1998 200 2061 te
216 1995 467 2062 calchedonense
482 1995 649 2060 concilium
665 1998 705 2073 et,
720 1996 982 2078 quemadmodum
995 1997 1065 2079 ipsa
1078 1995 1135 2060 tibi
1153 1995 1294 2073 tradidit,

169 2121 230 2166 non
257 2101 411 2185 glorificas
437 2101 610 2166 trinitatem
637 2101 693 2166 sed
719 2101 919 2167 inoboediens
948 2121 981 2166 es
1004 2102 1051 2166 illi
1073 2120 1128 2166 nec
1151 2101 1296 2166 metuisti

168 2207 225 2272 illo
249 2207 369 2272 dicente
402 2207 456 2289 qui
478 2207 523 2272 ita
545 2227 605 2272 non
629 2208 721 2290 sapit,
741 2209 907 2272 anathema
924 2208 998 2273 sit'?
1017 2208 1136 2292 integre
1155 2206 1298 2292 glorifica

171 2315 204 2377 et
239 2312 299 2377 eris
333 2313 471 2398 integer:
508 2313 645 2396 alioquin
682 2315 765 2378 mala
796 2314 882 2379 solus
915 2313 1086 2378 exhaurias.
1152 2332 1296 2377 maiora

170 2436 321 2482 nrrsrona
338 2437 454 2483 rnsnrnr
471 2437 614 2483 nersoorr
630 2439 820 2485 Prouincias
840 2438 974 2484 srornrnn
996 2439 1039 2483 an
1062 2438 1182 2482 narrar
1204 2437 1297 2482 arsur·
1316 2445 1340 2486 a

172 2543 325 2589 oosnunr.

260 2717 277 2770 8
295 2715 367 2769 Esai.
388 2715 413 2778 6,
431 2716 448 2769 3

208 2838 418 2893 lmunitionem
435 2838 463 2892 Β
514 2839 738 2895 heredicornt
773 2841 836 2894 aaa
855 2845 918 2892 ania
931 2840 988 2892 esto
1007 2853 1057 2891 orn.
1076 2837 1103 2889 B
1138 2838 1255 2890 4canet
1272 2837 1302 2890 Β

161 2926 330 2985 ,cessuras
364 2928 433 2981 daia
447 2927 602 2982 VsmeisB
638 2927 1095 2997 imunitesdaipsumcarissimeB
1129 2925 1262 2979 9edieere
1276 2925 1304 2979 V

176 3015 209 3069 10
227 3015 415 3070 emcifixumB
451 3017 483 3070 11
503 3017 549 3086 qui
566 3018 657 3071 omB
692 3017 786 3071 serafin
804 3015 836 3080 V,
856 3014 987 3085 seraphyn
1000 3015 1027 3067 B
1064 3015 1097 3067 12
1114 3013 1253 3082 tresagion
1271 3013 1302 3066 Β

174 3102 337 3173 adgererunt
358 3104 384 3157 V
453 3104 524 3159 dices
542 3104 570 3158 Β
623 3107 656 3159 14
672 3111 734 3174 post
751 3106 837 3159 carnis
852 3104 948 3172 repetit
965 3119 1056 3157 carnes
1069 3103 1096 3155 B
1148 3117 1258 3171 ymnum
1271 3102 1302 3155 Β

177 3193 208 3247 15
227 3192 429 3261 glorificandum
447 3194 584 3265 tresogion
601 3193 630 3247 Β
682 3193 753 3248 dicas
772 3192 799 3246 Β
853 3193 886 3246 16
905 3191 1120 3247 calcedonensem
1139 3189 1166 3243 Β
1233 3205 1300 3259 qae-

175 3279 325 3332 ammodum
344 3281 385 3335 B:
402 3280 625 3351 quemadmodum
643 3280 714 3351 quod
735 3281 763 3336 V
847 3281 907 3350 ipsa
936 3279 986 3334 VB
1010 3278 1158 3333 oscitantia
1176 3278 1235 3332 eius
1252 3278 1303 3346 qai

175 3393 258 3448 uertit
270 3409 324 3463 pro
341 3395 429 3464 ipsum
510 3397 542 3450 17
560 3395 675 3466 glaricas
692 3395 720 3448 Β
806 3392 964 3449 inobediens
987 3394 1037 3447 VB
1114 3393 1147 3447 18
1164 3359 1302 3447 neema.-

175 3483 248 3536 rnire
271 3482 298 3537 V
358 3483 391 3536 19
410 3483 528 3537 arsames
551 3483 605 3537 VB·
667 3485 702 3539 20
721 3496 833 3544 ererum
851 3493 990 3538 noemma
1008 3489 1072 3552 imp.
1091 3481 1118 3535 Β
1136 3481 1241 3536 omissis
1257 3497 1300 3534 re·

176 3571 258 3640 reque
