<?xml version="1.0" encoding="UTF-8"?>
<!DOCTYPE html PUBLIC "-//W3C//DTD XHTML 1.0 Transitional//EN"
    "http://www.w3.org/TR/xhtml1/DTD/xhtml1-transitional.dtd">
<html xmlns="http://www.w3.org/1999/xhtml" xml:lang="en" lang="en">
 <head>
  <title>
</title>
<meta http-equiv="Content-Type" content="text/html;charset=utf-8" />
  <meta name='ocr-system' content='tesseract 3.04.00' />
  <meta name='ocr-capabilities' content='ocr_page ocr_carea ocr_par ocr_line ocrx_word'/>
</head>
<body>
  <div class='ocr_page' id='page_1' title='image "./epistulaeimpera01gngoog_0070.png"; bbox 0 0 2904 4672; ppageno 0'>
   <div class='ocr_carea' id='block_1_1' title="bbox 569 226 1270 296">
    <p class='ocr_par' dir='ltr' id='par_1_1' title="bbox 569 226 1270 296">
     <span class='ocr_line' id='line_1_1' title="bbox 569 226 1270 296; baseline 0.026 -18"><span class='ocrx_word' id='word_1_1' title='bbox 569 226 856 296; x_wconf 82' lang='lat' dir='ltr'>Prolegomeua.</span> <span class='ocrx_word' id='word_1_2' title='bbox 1153 230 1270 295; x_wconf 79' lang='lat' dir='ltr'>LVIIII</span> 
     </span>
    </p>
   </div>
   <div class='ocr_carea' id='block_1_2' title="bbox 66 416 1278 2296">
    <p class='ocr_par' dir='ltr' id='par_1_2' title="bbox 66 416 1274 1346">
     <span class='ocr_line' id='line_1_2' title="bbox 103 416 1269 506; baseline 0.004 -27"><span class='ocrx_word' id='word_1_3' title='bbox 103 476 105 479; x_wconf 84' lang='grc'><em>,</em></span> <span class='ocrx_word' id='word_1_4' title='bbox 194 416 240 484; x_wconf 81' lang='lat' dir='ltr'>Er</span> <span class='ocrx_word' id='word_1_5' title='bbox 280 420 393 491; x_wconf 91' lang='lat' dir='ltr'>ouibus</span> <span class='ocrx_word' id='word_1_6' title='bbox 435 422 555 502; x_wconf 80' lang='lat' dir='ltr'><strong>septem</strong></span> <span class='ocrx_word' id='word_1_7' title='bbox 596 418 755 484; x_wconf 85' lang='lat' dir='ltr'><strong>codicibus</strong></span> <span class='ocrx_word' id='word_1_8' title='bbox 793 422 953 501; x_wconf 84' lang='lat' dir='ltr'>quattuor,</span> <span class='ocrx_word' id='word_1_9' title='bbox 992 420 1115 495; x_wconf 83' lang='lat' dir='ltr'>scilieet</span> <span class='ocrx_word' id='word_1_10' title='bbox 1148 441 1269 506; x_wconf 74' lang='grc' dir='ltr'>πκφχ,</span> 
     </span>
     <span class='ocr_line' id='line_1_3' title="bbox 153 523 1272 607; baseline -0.001 -17"><span class='ocrx_word' id='word_1_11' title='bbox 153 525 314 591; x_wconf 77' lang='lat' dir='ltr'>continent</span> <span class='ocrx_word' id='word_1_12' title='bbox 341 524 540 590; x_wconf 78' lang='lat' dir='ltr'>collectiones</span> <span class='ocrx_word' id='word_1_13' title='bbox 567 524 717 607; x_wconf 88' lang='lat' dir='ltr'>quasdam</span> <span class='ocrx_word' id='word_1_14' title='bbox 739 523 816 589; x_wconf 91' lang='lat' dir='ltr'>iuris</span> <span class='ocrx_word' id='word_1_15' title='bbox 839 525 978 604; x_wconf 86' lang='lat' dir='ltr'>canonici</span> <span class='ocrx_word' id='word_1_16' title='bbox 999 528 1036 590; x_wconf 89' lang='lat' dir='ltr'>ut</span> <span class='ocrx_word' id='word_1_17' title='bbox 1058 526 1096 590; x_wconf 91' lang='lat' dir='ltr'>ab</span> <span class='ocrx_word' id='word_1_18' title='bbox 1119 526 1272 591; x_wconf 79' lang='lat' dir='ltr'>Auellana</span> 
     </span>
     <span class='ocr_line' id='line_1_4' title="bbox 152 630 1271 716; baseline 0 -20"><span class='ocrx_word' id='word_1_19' title='bbox 152 631 251 713; x_wconf 90' lang='lat' dir='ltr'>plane</span> <span class='ocrx_word' id='word_1_20' title='bbox 268 630 408 696; x_wconf 87' lang='lat' dir='ltr'>diuersas</span> <span class='ocrx_word' id='word_1_21' title='bbox 429 631 475 695; x_wconf 89' lang='lat' dir='ltr'>ita</span> <span class='ocrx_word' id='word_1_22' title='bbox 496 631 577 695; x_wconf 89' lang='lat' dir='ltr'>inter</span> <span class='ocrx_word' id='word_1_23' title='bbox 598 650 631 696; x_wconf 88' lang='lat' dir='ltr'>se</span> <span class='ocrx_word' id='word_1_24' title='bbox 650 631 806 697; x_wconf 85' lang='lat' dir='ltr'>artissime</span> <span class='ocrx_word' id='word_1_25' title='bbox 825 632 1023 697; x_wconf 82' lang='lat' dir='ltr'>cohaerentes</span> <span class='ocrx_word' id='word_1_26' title='bbox 1043 632 1096 716; x_wconf 79' lang='lat' dir='ltr'>(cf.</span> <span class='ocrx_word' id='word_1_27' title='bbox 1115 633 1271 710; x_wconf 76' lang='lat' dir='ltr'>Monesen,</span> 
     </span>
     <span class='ocr_line' id='line_1_5' title="bbox 155 734 1272 822; baseline -0.001 -20"><span class='ocrx_word' id='word_1_28' title='bbox 155 736 192 802; x_wconf 87' lang='lat' dir='ltr'>G.</span> <span class='ocrx_word' id='word_1_29' title='bbox 217 736 247 807; x_wconf 78' lang='lat' dir='ltr'>rt</span> <span class='ocrx_word' id='word_1_30' title='bbox 271 734 307 814; x_wconf 86' lang='lat' dir='ltr'>Q.</span> <span class='ocrx_word' id='word_1_31' title='bbox 331 757 361 819; x_wconf 88' lang='lat' dir='ltr'>p.</span> <span class='ocrx_word' id='word_1_32' title='bbox 386 736 449 801; x_wconf 84' lang='grc'>572</span> <span class='ocrx_word' id='word_1_33' title='bbox 474 736 551 822; x_wconf 82' lang='lat' dir='ltr'>sq.);</span> <span class='ocrx_word' id='word_1_34' title='bbox 581 736 674 801; x_wconf 86' lang='lat' dir='ltr'>ceteri</span> <span class='ocrx_word' id='word_1_35' title='bbox 702 740 776 801; x_wconf 90' lang='lat' dir='ltr'>sunt</span> <span class='ocrx_word' id='word_1_36' title='bbox 803 735 925 802; x_wconf 86' lang='lat' dir='ltr'>codices</span> <span class='ocrx_word' id='word_1_37' title='bbox 952 738 1145 804; x_wconf 85' lang='lat' dir='ltr'>miscellauei</span> <span class='ocrx_word' id='word_1_38' title='bbox 1173 757 1272 821; x_wconf 89' lang='lat' dir='ltr'>neque</span> 
     </span>
     <span class='ocr_line' id='line_1_6' title="bbox 153 842 1272 928; baseline 0.001 -21"><span class='ocrx_word' id='word_1_39' title='bbox 153 861 226 907; x_wconf 92' lang='lat' dir='ltr'>eum</span> <span class='ocrx_word' id='word_1_40' title='bbox 247 861 360 926; x_wconf 77' lang='grc' dir='ltr'>πκφχ</span> <span class='ocrx_word' id='word_1_41' title='bbox 382 861 482 926; x_wconf 85' lang='lat' dir='ltr'>noque</span> <span class='ocrx_word' id='word_1_42' title='bbox 505 852 578 907; x_wconf 86' lang='lat' dir='ltr'>&#39;eum</span> <span class='ocrx_word' id='word_1_43' title='bbox 599 843 752 907; x_wconf 88' lang='lat' dir='ltr'>Auellaua</span> <span class='ocrx_word' id='word_1_44' title='bbox 769 842 835 907; x_wconf 92' lang='lat' dir='ltr'>ullo</span> <span class='ocrx_word' id='word_1_45' title='bbox 854 843 914 908; x_wconf 91' lang='lat' dir='ltr'>alio</span> <span class='ocrx_word' id='word_1_46' title='bbox 934 845 1128 928; x_wconf 80' lang='lat' dir='ltr'>cognationis</span> <span class='ocrx_word' id='word_1_47' title='bbox 1145 844 1272 909; x_wconf 87' lang='lat' dir='ltr'>uinculo</span> 
     </span>
     <span class='ocr_line' id='line_1_7' title="bbox 153 947 1272 1028; baseline 0.002 -16"><span class='ocrx_word' id='word_1_48' title='bbox 153 947 270 1012; x_wconf 85' lang='lat' dir='ltr'>cononi.</span> <span class='ocrx_word' id='word_1_49' title='bbox 303 947 365 1011; x_wconf 91' lang='lat' dir='ltr'>iam</span> <span class='ocrx_word' id='word_1_50' title='bbox 396 964 470 1011; x_wconf 85' lang='lat' dir='ltr'>uero</span> <span class='ocrx_word' id='word_1_51' title='bbox 504 947 647 1013; x_wconf 89' lang='lat' dir='ltr'>omuibus</span> <span class='ocrx_word' id='word_1_52' title='bbox 679 950 801 1028; x_wconf 89' lang='lat' dir='ltr'>septem</span> <span class='ocrx_word' id='word_1_53' title='bbox 827 947 892 1012; x_wconf 91' lang='lat' dir='ltr'>illis</span> <span class='ocrx_word' id='word_1_54' title='bbox 920 949 1080 1014; x_wconf 89' lang='lat' dir='ltr'>codicibus</span> <span class='ocrx_word' id='word_1_55' title='bbox 1107 950 1139 1014; x_wconf 90' lang='lat' dir='ltr'>iu</span> <span class='ocrx_word' id='word_1_56' title='bbox 1166 950 1272 1014; x_wconf 91' lang='lat' dir='ltr'>libello</span> 
     </span>
     <span class='ocr_line' id='line_1_8' title="bbox 153 1052 1274 1144; baseline -0.001 -26"><span class='ocrx_word' id='word_1_57' title='bbox 153 1052 298 1118; x_wconf 83' lang='lat' dir='ltr'>Faustini</span> <span class='ocrx_word' id='word_1_58' title='bbox 316 1071 495 1119; x_wconf 91' lang='lat' dir='ltr'>communes</span> <span class='ocrx_word' id='word_1_59' title='bbox 516 1054 590 1117; x_wconf 92' lang='lat' dir='ltr'>suut</span> <span class='ocrx_word' id='word_1_60' title='bbox 607 1052 685 1117; x_wconf 87' lang='lat' dir='ltr'>duee</span> <span class='ocrx_word' id='word_1_61' title='bbox 703 1053 832 1117; x_wconf 88' lang='lat' dir='ltr'>lacunae</span> <span class='ocrx_word' id='word_1_62' title='bbox 851 1052 1018 1144; x_wconf 79' lang='lat' dir='ltr'>admodum</span> <span class='ocrx_word' id='word_1_63' title='bbox 1041 1054 1171 1138; x_wconf 79' lang='lat' dir='ltr'>amplae,</span> <span class='ocrx_word' id='word_1_64' title='bbox 1195 1073 1274 1138; x_wconf 90' lang='lat' dir='ltr'>quae</span> 
     </span>
     <span class='ocr_line' id='line_1_9' title="bbox 155 1157 1271 1244; baseline 0.002 -22"><span class='ocrx_word' id='word_1_65' title='bbox 155 1178 173 1222; x_wconf 90' lang='lat' dir='ltr'>a</span> <span class='ocrx_word' id='word_1_66' title='bbox 207 1159 295 1222; x_wconf 85' lang='lat' dir='ltr'>textu</span> <span class='ocrx_word' id='word_1_67' title='bbox 334 1157 504 1221; x_wconf 85' lang='lat' dir='ltr'>Auellauae</span> <span class='ocrx_word' id='word_1_68' title='bbox 541 1158 670 1232; x_wconf 82' lang='lat' dir='ltr'>absunt3</span> <span class='ocrx_word' id='word_1_69' title='bbox 709 1157 923 1242; x_wconf 89' lang='lat' dir='ltr'>desiderantur</span> <span class='ocrx_word' id='word_1_70' title='bbox 958 1158 1039 1225; x_wconf 86' lang='lat' dir='ltr'>euim</span> <span class='ocrx_word' id='word_1_71' title='bbox 1075 1161 1173 1224; x_wconf 88' lang='lat' dir='ltr'>uerba</span> <span class='ocrx_word' id='word_1_72' title='bbox 1204 1162 1271 1244; x_wconf 85' lang='lat'>10¹¹</span> 
     </span>
     <span class='ocr_line' id='line_1_10' title="bbox 66 1262 1274 1346; baseline 0.007 -24"><span class='ocrx_word' id='word_1_73' title='bbox 66 1298 68 1302; x_wconf 93' lang='lat'>-</span> <span class='ocrx_word' id='word_1_74' title='bbox 154 1264 201 1326; x_wconf 79' lang='lat' dir='ltr'>ito</span> <span class='ocrx_word' id='word_1_75' title='bbox 220 1265 257 1326; x_wconf 82' lang='lat' dir='ltr'>eet</span> <span class='ocrx_word' id='word_1_76' title='bbox 277 1262 455 1328; x_wconf 76' lang='lat' dir='ltr'>resistentes</span> <span class='ocrx_word' id='word_1_77' title='bbox 477 1282 577 1346; x_wconf 85' lang='lat' dir='ltr'>usque</span> <span class='ocrx_word' id='word_1_78' title='bbox 601 1263 640 1337; x_wconf 86' lang='lat' dir='ltr'>ad</span> <span class='ocrx_word' id='word_1_79' title='bbox 662 1263 733 1346; x_wconf 69' lang='lat'>27„</span> <span class='ocrx_word' id='word_1_80' title='bbox 756 1262 905 1328; x_wconf 79' lang='lat' dir='ltr'>inuadere</span> <span class='ocrx_word' id='word_1_81' title='bbox 926 1284 987 1329; x_wconf 81' lang='lat' dir='ltr'>coe</span> <span class='ocrx_word' id='word_1_82' title='bbox 1001 1268 1169 1345; x_wconf 81' lang='lat' dir='ltr'>potuerunt</span> <span class='ocrx_word' id='word_1_83' title='bbox 1185 1265 1274 1343; x_wconf 86' lang='lat' dir='ltr'>item·</span> 
     </span>
    </p>

    <p class='ocr_par' dir='ltr' id='par_1_3' title="bbox 125 1367 1275 1768">
     <span class='ocr_line' id='line_1_11' title="bbox 125 1367 1274 1460; baseline 0.003 -28"><span class='ocrx_word' id='word_1_84' title='bbox 125 1455 128 1460; x_wconf 25' lang='grc'><em>,</em></span> <span class='ocrx_word' id='word_1_85' title='bbox 156 1388 216 1451; x_wconf 90' lang='lat' dir='ltr'>que</span> <span class='ocrx_word' id='word_1_86' title='bbox 239 1368 335 1434; x_wconf 87' lang='lat' dir='ltr'>uerba</span> <span class='ocrx_word' id='word_1_87' title='bbox 358 1369 429 1452; x_wconf 73' lang='grc'>3513</span> <span class='ocrx_word' id='word_1_88' title='bbox 452 1369 599 1449; x_wconf 79' lang='lat' dir='ltr'>quorrwde</span> <span class='ocrx_word' id='word_1_89' title='bbox 622 1369 703 1433; x_wconf 82' lang='lat' dir='ltr'>cuim</span> <span class='ocrx_word' id='word_1_90' title='bbox 725 1367 1274 1455; x_wconf 68' lang='grc' dir='ltr'>000700Ηο0007707000000001379</span> 
     </span>
     <span class='ocr_line' id='line_1_12' title="bbox 155 1474 1275 1558; baseline 0.007 -23"><span class='ocrx_word' id='word_1_91' title='bbox 155 1475 304 1558; x_wconf 69' lang='lat' dir='ltr'>effeqiees</span> <span class='ocrx_word' id='word_1_92' title='bbox 326 1477 354 1538; x_wconf 88' lang='lat' dir='ltr'>et</span> <span class='ocrx_word' id='word_1_93' title='bbox 375 1477 503 1540; x_wconf 73' lang='grc'><strong>0007000.</strong></span> <span class='ocrx_word' id='word_1_94' title='bbox 526 1494 587 1557; x_wconf 88' lang='lat' dir='ltr'>qua</span> <span class='ocrx_word' id='word_1_95' title='bbox 610 1474 734 1558; x_wconf 89' lang='lat' dir='ltr'>quidem</span> <span class='ocrx_word' id='word_1_96' title='bbox 758 1494 790 1541; x_wconf 88' lang='lat' dir='ltr'>re</span> <span class='ocrx_word' id='word_1_97' title='bbox 814 1474 951 1540; x_wconf 87' lang='lat' dir='ltr'>efficitur</span> <span class='ocrx_word' id='word_1_98' title='bbox 973 1494 1026 1541; x_wconf 88' lang='lat' dir='ltr'>eos</span> <span class='ocrx_word' id='word_1_99' title='bbox 1050 1496 1156 1542; x_wconf 88' lang='lat' dir='ltr'>omnes</span> <span class='ocrx_word' id='word_1_100' title='bbox 1175 1477 1275 1544; x_wconf 88' lang='lat' dir='ltr'>redire</span> 
     </span>
     <span class='ocr_line' id='line_1_13' title="bbox 156 1578 1275 1666; baseline 0.003 -21"><span class='ocrx_word' id='word_1_101' title='bbox 156 1579 197 1645; x_wconf 89' lang='lat' dir='ltr'>ad</span> <span class='ocrx_word' id='word_1_102' title='bbox 222 1599 321 1651; x_wconf 90' lang='lat' dir='ltr'>uuum</span> <span class='ocrx_word' id='word_1_103' title='bbox 344 1580 537 1663; x_wconf 88' lang='lat' dir='ltr'>eundemque</span> <span class='ocrx_word' id='word_1_104' title='bbox 556 1580 758 1663; x_wconf 81' lang='lat' dir='ltr'>archetypum</span> <span class='ocrx_word' id='word_1_105' title='bbox 773 1578 832 1666; x_wconf 84' lang='grc' dir='ltr'>(Φ)</span> <span class='ocrx_word' id='word_1_106' title='bbox 848 1581 972 1647; x_wconf 87' lang='lat' dir='ltr'>saeculo</span> <span class='ocrx_word' id='word_1_107' title='bbox 991 1585 1028 1646; x_wconf 93' lang='lat' dir='ltr'>ut</span> <span class='ocrx_word' id='word_1_108' title='bbox 1046 1582 1171 1647; x_wconf 91' lang='lat' dir='ltr'>uidetur</span> <span class='ocrx_word' id='word_1_109' title='bbox 1190 1581 1275 1650; x_wconf 75' lang='lat' dir='ltr'>seito</span> 
     </span>
     <span class='ocr_line' id='line_1_14' title="bbox 156 1685 937 1768; baseline 0.003 -20"><span class='ocrx_word' id='word_1_110' title='bbox 156 1685 369 1768; x_wconf 84' lang='lat' dir='ltr'>couscriptum</span> <span class='ocrx_word' id='word_1_111' title='bbox 391 1685 518 1768; x_wconf 89' lang='lat' dir='ltr'>illisque</span> <span class='ocrx_word' id='word_1_112' title='bbox 540 1685 604 1750; x_wconf 92' lang='lat' dir='ltr'>iam</span> <span class='ocrx_word' id='word_1_113' title='bbox 625 1687 746 1750; x_wconf 83' lang='lat' dir='ltr'>lacunis</span> <span class='ocrx_word' id='word_1_114' title='bbox 769 1685 937 1753; x_wconf 83' lang='lat' dir='ltr'>adfectum.</span> 
     </span>
    </p>

    <p class='ocr_par' dir='ltr' id='par_1_4' title="bbox 156 1776 1278 2296">
     <span class='ocr_line' id='line_1_15' title="bbox 200 1776 1276 1874; baseline 0.001 -19"><span class='ocrx_word' id='word_1_115' title='bbox 200 1790 360 1856; x_wconf 85' lang='lat' dir='ltr'>Habemus</span> <span class='ocrx_word' id='word_1_116' title='bbox 388 1789 486 1874; x_wconf 85' lang='lat' dir='ltr'>igitur</span> <span class='ocrx_word' id='word_1_117' title='bbox 513 1790 591 1857; x_wconf 90' lang='lat' dir='ltr'>duos</span> <span class='ocrx_word' id='word_1_118' title='bbox 618 1794 655 1856; x_wconf 94' lang='lat' dir='ltr'>ut</span> <span class='ocrx_word' id='word_1_119' title='bbox 680 1792 726 1856; x_wconf 91' lang='lat' dir='ltr'>ita</span> <span class='ocrx_word' id='word_1_120' title='bbox 752 1776 853 1857; x_wconf 84' lang='lat' dir='ltr'>dicum</span> <span class='ocrx_word' id='word_1_121' title='bbox 880 1812 983 1857; x_wconf 87' lang='lat' dir='ltr'>ramos</span> <span class='ocrx_word' id='word_1_122' title='bbox 1009 1792 1186 1858; x_wconf 80' lang='lat' dir='ltr'>traditionis</span> <span class='ocrx_word' id='word_1_123' title='bbox 1211 1794 1276 1857; x_wconf 86' lang='lat' dir='ltr'>iam</span> 
     </span>
     <span class='ocr_line' id='line_1_16' title="bbox 157 1896 1278 1982; baseline 0.002 -22"><span class='ocrx_word' id='word_1_124' title='bbox 157 1896 385 1979; x_wconf 87' lang='lat' dir='ltr'>antiquissimis</span> <span class='ocrx_word' id='word_1_125' title='bbox 407 1897 600 1978; x_wconf 82' lang='lat' dir='ltr'>temporibus</span> <span class='ocrx_word' id='word_1_126' title='bbox 624 1916 659 1961; x_wconf 82' lang='lat' dir='ltr'>ex</span> <span class='ocrx_word' id='word_1_127' title='bbox 687 1898 794 1962; x_wconf 87' lang='lat' dir='ltr'>eadem</span> <span class='ocrx_word' id='word_1_128' title='bbox 827 1897 922 1982; x_wconf 86' lang='lat' dir='ltr'>stirpe</span> <span class='ocrx_word' id='word_1_129' title='bbox 948 1899 1122 1979; x_wconf 86' lang='lat' dir='ltr'>profectos:</span> <span class='ocrx_word' id='word_1_130' title='bbox 1150 1898 1188 1962; x_wconf 88' lang='lat' dir='ltr'>ab</span> <span class='ocrx_word' id='word_1_131' title='bbox 1215 1918 1278 1962; x_wconf 93' lang='lat' dir='ltr'>una</span> 
     </span>
     <span class='ocr_line' id='line_1_17' title="bbox 156 1998 1276 2086; baseline 0.001 -19"><span class='ocrx_word' id='word_1_132' title='bbox 156 2005 244 2086; x_wconf 89' lang='lat' dir='ltr'>parte</span> <span class='ocrx_word' id='word_1_133' title='bbox 273 2002 401 2079; x_wconf 73' lang='lat' dir='ltr'>statii,</span> <span class='ocrx_word' id='word_1_134' title='bbox 430 2002 467 2066; x_wconf 86' lang='lat' dir='ltr'>ab</span> <span class='ocrx_word' id='word_1_135' title='bbox 496 2003 594 2067; x_wconf 88' lang='lat' dir='ltr'>altera</span> <span class='ocrx_word' id='word_1_136' title='bbox 621 1998 662 2065; x_wconf 91' lang='grc' dir='ltr'>Φ.</span> <span class='ocrx_word' id='word_1_137' title='bbox 691 2004 753 2068; x_wconf 85' lang='lat' dir='ltr'>iarn</span> <span class='ocrx_word' id='word_1_138' title='bbox 781 2023 855 2069; x_wconf 88' lang='lat' dir='ltr'>uero</span> <span class='ocrx_word' id='word_1_139' title='bbox 879 2023 951 2069; x_wconf 90' lang='lat' dir='ltr'>cum</span> <span class='ocrx_word' id='word_1_140' title='bbox 975 2004 1110 2086; x_wconf 89' lang='lat' dir='ltr'>quinque</span> <span class='ocrx_word' id='word_1_141' title='bbox 1134 2004 1276 2069; x_wconf 90' lang='lat' dir='ltr'>codicum</span> 
     </span>
     <span class='ocr_line' id='line_1_18' title="bbox 156 2108 1277 2194; baseline 0.004 -24"><span class='ocrx_word' id='word_1_142' title='bbox 156 2129 233 2190; x_wconf 77' lang='lat' dir='ltr'>nas</span> <span class='ocrx_word' id='word_1_143' title='bbox 244 2128 297 2194; x_wconf 77' lang='grc' dir='ltr'>φχ</span> <span class='ocrx_word' id='word_1_144' title='bbox 316 2108 397 2173; x_wconf 85' lang='lat' dir='ltr'>ame</span> <span class='ocrx_word' id='word_1_145' title='bbox 411 2108 621 2173; x_wconf 89' lang='lat' dir='ltr'>adhibitorum</span> <span class='ocrx_word' id='word_1_146' title='bbox 635 2110 741 2174; x_wconf 90' lang='lat' dir='ltr'>nullus</span> <span class='ocrx_word' id='word_1_147' title='bbox 758 2128 793 2173; x_wconf 84' lang='lat' dir='ltr'>ex</span> <span class='ocrx_word' id='word_1_148' title='bbox 807 2109 872 2174; x_wconf 92' lang='lat' dir='ltr'>ullo</span> <span class='ocrx_word' id='word_1_149' title='bbox 891 2109 1081 2193; x_wconf 88' lang='lat' dir='ltr'>reliquorum</span> <span class='ocrx_word' id='word_1_150' title='bbox 1102 2109 1277 2192; x_wconf 88' lang='lat' dir='ltr'>descriptus</span> 
     </span>
     <span class='ocr_line' id='line_1_19' title="bbox 158 2212 1278 2296; baseline 0.002 -19"><span class='ocrx_word' id='word_1_151' title='bbox 158 2215 210 2292; x_wconf 83' lang='lat' dir='ltr'>sit,</span> <span class='ocrx_word' id='word_1_152' title='bbox 234 2214 341 2292; x_wconf 87' lang='lat' dir='ltr'>immo,</span> <span class='ocrx_word' id='word_1_153' title='bbox 364 2217 402 2278; x_wconf 92' lang='lat' dir='ltr'>ut</span> <span class='ocrx_word' id='word_1_154' title='bbox 419 2214 480 2279; x_wconf 94' lang='lat' dir='ltr'>alio</span> <span class='ocrx_word' id='word_1_155' title='bbox 498 2214 567 2280; x_wconf 91' lang='lat' dir='ltr'>loeo</span> <span class='ocrx_word' id='word_1_156' title='bbox 587 2214 764 2279; x_wconf 90' lang='lat' dir='ltr'>adcuratius</span> <span class='ocrx_word' id='word_1_157' title='bbox 785 2232 943 2296; x_wconf 83' lang='lat' dir='ltr'>exponam,</span> <span class='ocrx_word' id='word_1_158' title='bbox 963 2234 998 2279; x_wconf 86' lang='lat' dir='ltr'>ea</span> <span class='ocrx_word' id='word_1_159' title='bbox 1015 2212 1095 2279; x_wconf 87' lang='lat' dir='ltr'>iuter</span> <span class='ocrx_word' id='word_1_160' title='bbox 1113 2233 1166 2280; x_wconf 89' lang='lat' dir='ltr'>eos</span> <span class='ocrx_word' id='word_1_161' title='bbox 1184 2215 1278 2279; x_wconf 91' lang='lat' dir='ltr'>inter-</span> 
     </span>
    </p>
   </div>
   <div class='ocr_carea' id='block_1_3' title="bbox 158 2319 1279 2403">
    <p class='ocr_par' dir='ltr' id='par_1_5' title="bbox 158 2319 1279 2421">
     <span class='ocr_line' id='line_1_20' title="bbox 158 2319 1279 2403; baseline 0 -18"><span class='ocrx_word' id='word_1_162' title='bbox 158 2319 346 2397; x_wconf 78' lang='lat' dir='ltr'>celebratio,</span> <span class='ocrx_word' id='word_1_163' title='bbox 358 2339 451 2401; x_wconf 89' lang='lat' dir='ltr'>quam</span> <span class='ocrx_word' id='word_1_164' title='bbox 466 2320 641 2402; x_wconf 86' lang='lat' dir='ltr'>simplicius</span> <span class='ocrx_word' id='word_1_165' title='bbox 653 2337 745 2401; x_wconf 85' lang='lat' dir='ltr'>quam</span> <span class='ocrx_word' id='word_1_166' title='bbox 754 2319 859 2385; x_wconf 88' lang='lat' dir='ltr'>uerbis</span> <span class='ocrx_word' id='word_1_167' title='bbox 874 2321 933 2384; x_wconf 90' lang='lat' dir='ltr'>hoc</span> <span class='ocrx_word' id='word_1_168' title='bbox 947 2320 1081 2403; x_wconf 81' lang='lat' dir='ltr'>explices</span> <span class='ocrx_word' id='word_1_169' title='bbox 1097 2322 1279 2385; x_wconf 86' lang='lat' dir='ltr'>stemmate:</span> 
     </span>
    </p>
   </div>
   <div class='ocr_carea' id='block_1_4' title="bbox 160 3556 1282 3850">
    <p class='ocr_par' dir='ltr' id='par_1_6' title="bbox 160 3556 1282 3850">
     <span class='ocr_line' id='line_1_21' title="bbox 160 3556 1281 3641; baseline -0.001 -20"><span class='ocrx_word' id='word_1_170' title='bbox 160 3559 191 3622; x_wconf 91' lang='lat' dir='ltr'>iu</span> <span class='ocrx_word' id='word_1_171' title='bbox 220 3556 454 3623; x_wconf 88' lang='lat' dir='ltr'>subscribendis</span> <span class='ocrx_word' id='word_1_172' title='bbox 480 3557 576 3622; x_wconf 88' lang='lat' dir='ltr'>uariis</span> <span class='ocrx_word' id='word_1_173' title='bbox 602 3556 791 3623; x_wconf 91' lang='lat' dir='ltr'>lectionibus</span> <span class='ocrx_word' id='word_1_174' title='bbox 820 3575 889 3622; x_wconf 87' lang='lat' dir='ltr'>eam</span> <span class='ocrx_word' id='word_1_175' title='bbox 916 3559 1043 3622; x_wconf 86' lang='lat' dir='ltr'>secutus</span> <span class='ocrx_word' id='word_1_176' title='bbox 1072 3576 1143 3622; x_wconf 92' lang='lat' dir='ltr'>sum</span> <span class='ocrx_word' id='word_1_177' title='bbox 1168 3557 1281 3641; x_wconf 82' lang='lat' dir='ltr'>legem,</span> 
     </span>
     <span class='ocr_line' id='line_1_22' title="bbox 161 3655 1282 3746; baseline -0.002 -18"><span class='ocrx_word' id='word_1_178' title='bbox 161 3667 208 3743; x_wconf 89' lang='lat' dir='ltr'>ut,</span> <span class='ocrx_word' id='word_1_179' title='bbox 236 3664 426 3746; x_wconf 88' lang='lat' dir='ltr'>ubicumque</span> <span class='ocrx_word' id='word_1_180' title='bbox 464 3682 535 3728; x_wconf 94' lang='lat' dir='ltr'>eum</span> <span class='ocrx_word' id='word_1_181' title='bbox 572 3664 677 3746; x_wconf 85' lang='lat' dir='ltr'>eliqua</span> <span class='ocrx_word' id='word_1_182' title='bbox 712 3662 931 3746; x_wconf 80' lang='lat' dir='ltr'>probabilitate</span> <span class='ocrx_word' id='word_1_183' title='bbox 965 3655 1032 3728; x_wconf 88' lang='lat' dir='ltr'>fieri</span> <span class='ocrx_word' id='word_1_184' title='bbox 1067 3665 1184 3746; x_wconf 83' lang='lat' dir='ltr'>posset,</span> <span class='ocrx_word' id='word_1_185' title='bbox 1221 3679 1282 3726; x_wconf 92' lang='lat' dir='ltr'>non</span> 
     </span>
     <span class='ocr_line' id='line_1_23' title="bbox 162 3754 1282 3850; baseline -0.004 -16"><span class='ocrx_word' id='word_1_186' title='bbox 162 3771 341 3837; x_wconf 83' lang='lat' dir='ltr'>adnotarem</span> <span class='ocrx_word' id='word_1_187' title='bbox 364 3769 424 3834; x_wconf 91' lang='lat' dir='ltr'>uisi</span> <span class='ocrx_word' id='word_1_188' title='bbox 447 3788 515 3834; x_wconf 89' lang='lat' dir='ltr'>eam</span> <span class='ocrx_word' id='word_1_189' title='bbox 537 3770 713 3847; x_wconf 86' lang='lat' dir='ltr'>lectionem,</span> <span class='ocrx_word' id='word_1_190' title='bbox 733 3783 811 3850; x_wconf 86' lang='lat' dir='ltr'>quae</span> <span class='ocrx_word' id='word_1_191' title='bbox 829 3760 892 3833; x_wconf 88' lang='lat' dir='ltr'>iam</span> <span class='ocrx_word' id='word_1_192' title='bbox 910 3769 941 3833; x_wconf 92' lang='lat' dir='ltr'>in</span> <span class='ocrx_word' id='word_1_193' title='bbox 959 3771 1087 3833; x_wconf 89' lang='lat' dir='ltr'>uetusto</span> <span class='ocrx_word' id='word_1_194' title='bbox 1105 3754 1168 3834; x_wconf 70' lang='lat' dir='ltr'>illo‘</span> <span class='ocrx_word' id='word_1_195' title='bbox 1179 3766 1282 3832; x_wconf 75' lang='lat' dir='ltr'>arche</span> 
     </span>
    </p>
   </div>
   <div class='ocr_carea' id='block_1_5' title="bbox 161 3872 1393 3968">
    <p class='ocr_par' dir='ltr' id='par_1_7' title="bbox 161 3872 1393 3968">
     <span class='ocr_line' id='line_1_24' title="bbox 161 3872 1393 3968; baseline -0.004 -28"><span class='ocrx_word' id='word_1_196' title='bbox 161 3880 237 3960; x_wconf 86' lang='lat' dir='ltr'>typo</span> <span class='ocrx_word' id='word_1_197' title='bbox 266 3872 297 3937; x_wconf 92' lang='grc' dir='ltr'><strong>Φ</strong></span> <span class='ocrx_word' id='word_1_198' title='bbox 325 3874 423 3938; x_wconf 86' lang='lat' dir='ltr'>fuisso</span> <span class='ocrx_word' id='word_1_199' title='bbox 445 3874 584 3958; x_wconf 89' lang='lat' dir='ltr'>putanda</span> <span class='ocrx_word' id='word_1_200' title='bbox 605 3878 698 3950; x_wconf 87' lang='lat' dir='ltr'>esset,</span> <span class='ocrx_word' id='word_1_201' title='bbox 721 3893 822 3957; x_wconf 86' lang='lat' dir='ltr'>nequo</span> <span class='ocrx_word' id='word_1_202' title='bbox 844 3892 919 3940; x_wconf 91' lang='lat' dir='ltr'>uero</span> <span class='ocrx_word' id='word_1_203' title='bbox 941 3873 1067 3957; x_wconf 87' lang='lat' dir='ltr'>propria</span> <span class='ocrx_word' id='word_1_204' title='bbox 1089 3872 1284 3968; x_wconf 71' lang='lat' dir='ltr'>singulorum</span> <span class='ocrx_word' id='word_1_205' title='bbox 1392 3955 1393 3958; x_wconf 8' lang='grc' dir='ltr'><strong>Ἴ</strong></span> 
     </span>
    </p>
   </div>
   <div class='ocr_carea' id='block_1_6' title="bbox 161 3964 1284 4168">
    <p class='ocr_par' dir='ltr' id='par_1_8' title="bbox 161 3964 1284 4168">
     <span class='ocr_line' id='line_1_25' title="bbox 162 3964 1282 4073; baseline -0.005 -26"><span class='ocrx_word' id='word_1_206' title='bbox 162 3980 307 4047; x_wconf 90' lang='lat' dir='ltr'>codicum</span> <span class='ocrx_word' id='word_1_207' title='bbox 350 3980 447 4073; x_wconf 77' lang='lat' dir='ltr'>uitia</span> <span class='ocrx_word' id='word_1_208' title='bbox 472 3998 621 4047; x_wconf 85' lang='lat' dir='ltr'>curarem.</span> <span class='ocrx_word' id='word_1_209' title='bbox 651 3981 742 4068; x_wconf 13' lang='lat' dir='ltr'>*duos</span> <span class='ocrx_word' id='word_1_210' title='bbox 784 3978 909 4045; x_wconf 88' lang='lat' dir='ltr'>codices</span> <span class='ocrx_word' id='word_1_211' title='bbox 949 3964 1148 4044; x_wconf 41' lang='lat' dir='ltr'>recentioris?</span> <span class='ocrx_word' id='word_1_212' title='bbox 1171 3977 1282 4043; x_wconf 86' lang='lat' dir='ltr'>aetatis</span> 
     </span>
     <span class='ocr_line' id='line_1_26' title="bbox 161 4084 1284 4168; baseline -0.006 -17"><span class='ocrx_word' id='word_1_213' title='bbox 161 4086 320 4151; x_wconf 87' lang='lat' dir='ltr'>Parisinos</span> <span class='ocrx_word' id='word_1_214' title='bbox 350 4087 432 4150; x_wconf 88' lang='grc'><strong>1687</strong></span> <span class='ocrx_word' id='word_1_215' title='bbox 462 4088 495 4150; x_wconf 89' lang='lat' dir='ltr'>et</span> <span class='ocrx_word' id='word_1_216' title='bbox 522 4085 606 4149; x_wconf 86' lang='lat'>1700</span> <span class='ocrx_word' id='word_1_217' title='bbox 634 4085 764 4150; x_wconf 88' lang='lat' dir='ltr'>collatos</span> <span class='ocrx_word' id='word_1_218' title='bbox 791 4102 852 4150; x_wconf 92' lang='lat' dir='ltr'>nou</span> <span class='ocrx_word' id='word_1_219' title='bbox 879 4084 991 4150; x_wconf 89' lang='lat' dir='ltr'>habui:</span> <span class='ocrx_word' id='word_1_220' title='bbox 1020 4086 1149 4168; x_wconf 87' lang='lat' dir='ltr'>apparet</span> <span class='ocrx_word' id='word_1_221' title='bbox 1179 4084 1284 4152; x_wconf 85' lang='lat' dir='ltr'>tamen</span> 
     </span>
    </p>
   </div>
   <div class='ocr_carea' id='block_1_7' title="bbox 0 0 1471 4672">
    <p class='ocr_par' dir='ltr' id='par_1_9' title="bbox 0 0 1471 4672">
     <span class='ocr_line' id='line_1_27' title="bbox 0 0 1471 4672; baseline 0 0"><span class='ocrx_word' id='word_1_222' title='bbox 0 0 1471 4672; x_wconf 95' lang='lat' dir='ltr'> </span> 
     </span>
    </p>
   </div>
  </div>
 </body>
</html>
