2904 4672
519 277 604 348 Epist.
622 277 732 333 LXXVI
750 279 845 333 9-11.
1184 285 1247 347 205

124 471 162 532 τὰ
191 465 345 549 εόαηηέλια
375 473 426 534 καί
455 467 485 533 αἱ
513 469 632 555 πράξεις
656 475 711 535 ,καὶ
733 468 748 535 ό
772 471 946 557 ἀπόστολος,
978 470 1020 545 ὡς
1048 473 1083 535 σύ
1107 471 1191 559 ἔφης,
1214 470 1248 536 ού

125 573 259 655 λέγουσιν
289 571 389 659 ὥσπερ
419 576 472 654 δεῖ,
504 574 571 638 ἀλλ’
603 575 658 638 είσί
686 580 768 660 παρὰ
791 581 837 640 σοί
860 582 993 663 μεμπτέα
1014 581 1065 641 καί
1087 580 1168 660 παρὰ
1189 589 1249 648 τοῖς

126 676 382 764 ὲξηκολουθηκόσι
410 691 445 764 τη
476 680 574 762 τοιῦρδε
612 701 666 742 σου
699 683 914 767 παραφροσύνῃ
953 689 1004 744 τοῦ
1040 683 1073 744 τό
1105 677 1249 764 τρισάμον

126 794 230 867 φωνεῖν
260 779 491 868 ἐσταυρωμένον·
520 782 758 869 ἀποδεδειγμέναι
784 782 839 869 γάρ
870 784 925 848 εἰσι
955 786 1006 847 σύν
1044 807 1091 849 σοι
1125 777 1251 869 τετράδα

90 891 378 973 ῦπαρεισφέροντες·
413 885 439 950 εί
473 888 505 949 δὲ
537 894 627 951 ταῦτα
657 884 751 961 ούτως
781 887 854 975 ἔχει,
884 892 910 952 τί
931 889 1190 968 ἀναγινώσκονται
1221 883 1251 949 αἱ

124 991 205 1052 θεῖαι
226 994 345 1076 γραφαί,
370 989 395 1055 εἰ
411 987 494 1054 αύται
517 985 552 1055 ού
576 994 757 1055 πιστεύονται
778 989 858 1055 ἀλλά
873 994 925 1066 σύ;
949 989 1010 1054 ἀνω
1032 987 1088 1075 γάρ
1104 993 1155 1055 καὶ
1169 987 1250 1054 κάτω

125 1091 251 1178 Χριστόν
278 1095 476 1179 παραδιδόασι
505 1094 543 1158 δι’
564 1091 646 1182 ἡμᾶς
668 1094 889 1181 ἐσταυρωμένον
911 1099 962 1160 καὶ
985 1091 1019 1159 ού
1041 1098 1073 1158 τό
1096 1090 1251 1179 τρισάηιον,

126 1195 168 1269 όις
192 1198 227 1261 σύ
249 1208 298 1261 νῦν
322 1197 455 1285 φάσκεις·
479 1195 558 1263 ἀλλά
586 1202 637 1263 καὶ
664 1199 869 1286 ἀποβλητέους
899 1199 977 1263 εἷπον
999 1196 1030 1262 αἱ
1050 1200 1162 1284 γραφαί
1183 1197 1251 1267 τούς

124 1303 330 1388 θεοπασχίτας
397 1301 455 1390 ἤδη
479 1305 512 1366 δὲ
534 1305 584 1366 καί
606 1304 662 1388 πρὸ
684 1305 793 1367 τούτων
814 1301 1073 1388 τῶνηραμμάτων
1096 1303 1138 1373 ύις
1151 1303 1250 1384 κυρίῳ
1263 1305 1303 1369 10

75 1425 105 1465 ιο
126 1427 183 1490 μου
206 1408 257 1469 καί
278 1410 365 1492 πατρί
387 1409 429 1479 όις
447 1399 603 1492 ’όρθότατα
625 1415 777 1494 φρονοῦντι
798 1408 957 1493 δεδήλωκα
979 1404 1253 1490 ἐπανορθώσασθαι

125 1512 180 1574 καίΙ
197 1505 360 1596 ἀναρρῆξαι
379 1513 447 1575 τόδε
469 1514 501 1575 τύ
524 1507 607 1595 παρά
629 1533 683 1574 σου
705 1514 854 1576 καινισθὲν
878 1511 985 1594 ἀσεβὲς
1007 1510 1104 1595 δόγμα
1124 1511 1176 1602 καὶ
1198 1501 1253 1571 ούκ

126 1611 213 1687 εἴξας.
236 1612 286 1678 διά
307 1624 392 1678 τοῦτο
414 1620 507 1680 τοίνυν
531 1615 572 1687 ὣς
594 1618 669 1700 πρὸς
691 1625 806 1700 πρῶτον
829 1610 947 1700 εύρειην
970 1624 1026 1677 τῶν
1050 1612 1166 1696 ἀσεβῶν
1185 1611 1252 1674 τού-

125 1740 181 1781 των
203 1717 299 1799 λόγων
323 1719 485 1805 δεδύνημαι
506 1731 567 1790 τοῖς
589 1715 666 1782 κατά
687 1740 741 1782 σου
765 1717 924 1803 ἐπιτιμίοις·
945 1715 1021 1788 ἰ’σως
1042 1715 1098 1780 κάν
1121 1711 1170 1777 διαὶ
1185 1715 1252 1778 τού-

124 1841 181 1904 των
204 1820 353 1908 έντραπείς
376 1821 628 1908 έπιστομιζύμενος
650 1821 720 1906 παρ’
743 1817 873 1908 ἥσσονας
894 1831 931 1907 τΐρ
954 1821 1022 1904 ἀξία
1043 1824 1150 1884 θᾶττον
1173 1816 1252 1904 είξης

74 1947 109 2008 ιο,
125 1924 295 2011 ἀρθοδοξεῖν
317 1917 430 2010 πατέρα
452 1929 503 1992 καὶ
525 1924 586 1990 υἱόν
608 1929 660 1991 καί
682 1923 762 2006 ἅγιον
785 1934 901 2010 πνεῦμα
923 1923 953 1988 έν
975 1935 1016 2008 τῖρ
1034 1923 1124 2009 μηδὲν
1141 1923 1253 1992 τούτοις

124 2031 295 2116 προσθεῖναι
322 2028 342 2117 ἢ
373 2026 503 2118 ύφαιρεῖν
532 2033 584 2094 καὶ
620 2028 743 2117 ἔχεσθαι
773 2039 823 2116 της
853 2026 925 2114 ύπὲρ
954 2025 1039 2114 ἡμῶν
1067 2027 1173 2110 ἀψίδος
1201 2034 1252 2088 τοῦ

124 2135 250 2218 θρύνου;
273 2133 299 2198 εί
321 2135 354 2197 δὲ
376 2135 452 2221 μηδὲ
473 2130 569 2205 ούτως
592 2131 720 2220 ἀνάτχη,
743 2131 812 2197 οἴσω
833 2157 876 2196 σοι
898 2132 1054 2203 κοινωνίας
1073 2133 1251 2214 παραίτησιν·
1265 2139 1302 2201 11

125 2233 182 2323 ἔφη
205 2235 261 2324 γάρ
284 2234 300 2301 ό
323 2237 495 2309 ἀπόστολος·
527 2236 718 2322 αἱρετικὸν
748 2235 951 2322 ἄνθρωπον
982 2232 1075 2321 μετά
1096 2235 1252 2317 πρώτην

124 2344 191 2404 καί
213 2341 395 2427 δευτέραν
417 2345 622 2406 νουθεσίαν
650 2349 842 2426 παραιτοῦ
870 2338 983 2412 εἰδὼς
1006 2337 1060 2404 ὅτι
1082 2337 1253 2419 ἐξέστρα-

71 2442 253 2513 ιιυπταιδ
282 2455 463 2516 τοιοῦτος
491 2448 556 2510 καὶ
585 2441 800 2530 ἁμαρτάνει
829 2440 875 2507 ὢν
906 2439 1252 2527 αὐτοκατάκριτος.

124 2549 201 2635 πλην
222 2553 296 2613 θεοῦ
328 2547 412 2636 έπμεν
439 2547 586 2613 έντευκταί
617 2546 656 2634 μὴ
688 2552 823 2629 γενέσθαι
851 2572 882 2610 σε
905 2543 1160 2631 αύτοκατάκριτον
1174 2541 1253 2607 ἀλλὰ

125 2640 348 2739 ὀρθοτομοῦντα
368 2655 418 2716 τόν
440 2653 528 2732 λόγον
550 2661 604 2737 της
626 2651 807 2736 ἀληθείας·

162 3359 225 3414 1ου
245 3376 288 3412 eo:
308 3375 358 3413 om.
378 3359 431 3428 agh
520 3357 639 3412 3τοιάδε
659 3355 745 3428 υύοςίι
817 3377 863 3410 σου
883 3375 944 3412 aeo:
963 3374 1013 3411 om.
1032 3357 1068 3427 gh
1157 3359 1252 3426 41208!

125 3446 318 3518 ἐσταυρωμένον
338 3447 446 3504 addunt
457 3445 475 3518 ἢ
488 3447 552 3517 μετὰ
570 3445 617 3516 την
636 3444 727 3516 τριάδα
743 3443 1066 3517 Χριστόνέσταυρωμένυν
1085 3461 1133 3498 aeo
1170 3446 1186 3498 6
1201 3443 1252 3497 sih

124 3542 149 3590 et
168 3539 232 3588 ακίο
250 3535 437 3588 correctionem
455 3551 485 3602 g:
503 3530 521 3602 ἢ
541 3548 597 3594 σου,
616 3529 634 3603 ὴ
654 3549 679 3600 ς,
690 3538 822 3586 correctus
858 3534 873 3585 7
892 3531 920 3583 τό
939 3547 989 3586 om.
1010 3549 1026 3585 κ
1061 3533 1077 3586 8
1096 3539 1139 3584 νῦν
1157 3550 1206 3587 om.
1221 3549 1251 3586 eo

124 3623 271 3675 ναίοντα
331 3623 363 3675 10
382 3621 418 3683 ὡς
437 3638 487 3675 om.
508 3620 543 3690 gh
587 3622 617 3673 ll
639 3621 687 3692 οῦχ
706 3620 740 3690 gh
789 3621 822 3674 12
841 3622 904 3691 πρὸς
923 3622 1010 3674 ουκίι
1065 3623 1098 3675 14
1118 3616 1250 3692 εἴξηςεοι

125 3703 199 3770 εἴξεις
217 3726 244 3778 g,
264 3706 336 3770 εἴξεις
354 3710 380 3773 ίι,
399 3709 497 3780 ἧξειςυ
534 3709 566 3760 17
585 3708 621 3779 μὴ
641 3709 667 3761 δέ
686 3725 747 3762 aeot
767 3709 803 3780 μὴ
822 3708 857 3778 gh
902 3706 1003 3781 ἀνάσχη
1023 3726 1084 3763 aeot
1104 3706 1211 3779 δνοὶσχει
1225 3727 1251 3778 g,

125 3794 284 3867 ἀνάσχοιοὶι
339 3799 369 3851 21
391 3795 519 3850 έντεῦκται
537 3813 599 3850 aeo:
620 3795 734 3849 εύτειιταὶ
751 3798 786 3865 gh
859 3795 915 3848 ἀλλ’
935 3813 966 3850 eo
1292 3789 1296 3799 ⁴
