2904 4672
176 220 218 283 24
325 216 474 270 Marcellini
492 219 521 270 et
538 215 661 270 Faustini
680 214 712 268 de
731 213 896 269 confessione
914 229 993 267 uerae
1012 212 1075 267 fldei
1093 215 1143 269 eto.

172 409 222 473 dei
244 410 362 484 iudicio
384 409 598 475 nonhabebit
616 413 698 480 <et>
718 408 769 472 hie
792 427 916 491 quoque
940 405 1054 472 sentiet
1070 425 1204 490 poenam
1227 425 1302 471 suae

120 513 162 575 64
171 515 353 596 impietatis.
421 515 559 579 sednon
589 516 662 596 post
690 514 826 578 multum
857 512 1008 594 temporis
1039 512 1124 576 idem
1156 511 1302 576 Zosimus

173 638 245 684 eum
268 620 301 684 in
324 623 415 685 coetu
437 620 540 701 plebis
562 620 634 683 uult
657 620 782 701 exsequi
806 619 976 684 sacerdotis
1001 617 1112 696 officia,
1136 617 1217 682 inter
1234 619 1304 701 ipsa

171 727 269 790 uerba
300 724 504 790 sacerdotalia
543 725 611 790 eius
642 726 751 809 lingua
787 724 983 806 protenditur
1018 743 1075 789 nec
1110 725 1198 788 ualet
1234 743 1304 788 eam

170 851 318 897 reuocare
341 831 422 896 iutra
444 831 506 897 oris
530 832 745 914 capacitatem,
761 850 797 896 eo
812 831 897 912 quod
911 833 1018 896 eontra
1030 829 1229 894 modumt
1174 833 1229 895 nat
1230 847 1303 893 urae
1333 848 1345 888 ι

172 940 257 1002 extra
280 956 315 1002 os
337 937 552 1019 penderetut
537 937 657 1001 tboui
689 936 811 1002 anhelo.
844 936 899 1001 sed
930 939 967 1001 ιιι
998 934 1079 999 uidit
1065 938 1143 999 ιιι
1175 935 1304 1018 linguae

172 1044 310 1107 officium
324 1043 509 1124 perdidisse,
524 1043 644 1127 egredit
645 1063 683 1106 ur
631 1043 825 1107 tbasilica
837 1046 868 1107 et
882 1043 943 1126 (res
967 1041 1074 1126 mirei)
1098 1040 1174 1106 foris
1188 1040 1305 1105 iterum

172 1148 203 1212 iu
227 1148 366 1212 officium
388 1148 497 1232 lingua
514 1151 661 1212 reuocata
680 1151 737 1213 est.
757 1151 789 1212 et
806 1148 942 1230 primum
961 1148 1087 1231 quidem
1105 1164 1166 1210 non
1183 1147 1306 1210 intelle-

172 1255 257 1338 gitur
280 1253 429 1335 compleri
451 1253 483 1317 in
506 1272 578 1317 eum
602 1255 788 1318 sententiam
812 1253 956 1336 martyris
976 1256 1008 1317 et
1030 1252 1229 1324 confessoris,
1249 1250 1311 1316 sed>

173 1379 243 1425 cnm
268 1360 327 1424 hoc
348 1359 464 1424 totiens
487 1360 615 1443 patitur,
640 1359 783 1442 quotiens
808 1363 839 1424 et
862 1359 1025 1424 basilicam
1040 1357 1174 1423 diuersis
1193 1357 1306 1422 diebus
1323 1378 1350 1418 ιι

172 1465 341 1548 temptauit
357 1465 481 1543 intrare,
504 1465 573 1548 ipse
582 1470 739 1548 postremo
752 1464 939 1548 recognouit
952 1464 990 1529 ob
1010 1464 1070 1529 boe
1088 1462 1149 1528 sibi
1163 1461 1307 1546 linguam

172 1570 425 1653 interpontificii
448 1570 613 1635 sollemnia
634 1571 731 1634 uerba
754 1569 907 1656 denegari,
931 1573 967 1634 ut
983 1574 1071 1635 sanet
1072 1588 1161 1635 orum
1185 1568 1309 1650 episco-

143 1696 283 1758 porum
305 1677 335 1740 in
360 1694 432 1740 eum
454 1675 514 1739 rite
535 1678 658 1757 prolata
676 1676 831 1740 sententia
848 1676 1040 1757 probaretur.
1060 1674 1193 1756 denique
1209 1673 1309 1740 cessit

121 1781 399 1863 coepiscoporum
430 1785 467 1844 ut
498 1781 532 1845 ei
557 1781 674 1864 lingua,
699 1800 777 1863 quae
801 1784 947 1859 cesserat,
983 1779 1174 1844 redderetur.
1243 1798 1308 1843 non

172 1905 220 1951 res
243 1906 281 1950 an
283 1886 387 1969 tiques
404 1886 578 1964 referimus,
603 1905 682 1967 quae
705 1887 807 1950 solent
830 1886 964 1968 quadam
981 1885 1133 1949 ratione
1124 1884 1308 1949 indubium
1326 1905 1353 1946 rs

173 1993 292 2057 uenire:
316 1991 430 2056 uiuunt
452 1991 552 2054 adhuc
575 1991 751 2073 praesentia
773 1991 836 2055 ista
858 1990 1054 2070 documenta,
1076 2009 1149 2054 nam
1172 1992 1204 2054 et
1219 1989 1308 2054 Zosi-

172 2117 244 2169 mus
267 2097 420 2179 hodieque
442 2097 473 2160 in
497 2114 622 2179 corpore
646 2100 695 2160 cst
718 2115 813 2160 usum
835 2095 897 2159 iam
919 2096 1045 2178 linguae
1059 2115 1120 2160 nou
1145 2095 1307 2172 amittens,

173 2206 376 2287 posteaquam
399 2202 511 2267 maluit
533 2221 605 2267 cum
628 2202 797 2266 amissione
830 2202 1029 2284 episcopatus
1062 2202 1170 2266 uiuere
1194 2201 1307 2268 dolens

174 2309 240 2373 suis
263 2308 488 2390 impietatibus.
529 2326 629 2372 nonne
662 2307 757 2371 etiam
791 2308 828 2371 de
862 2307 1019 2371 similibus
1055 2306 1309 2388 praeiudicatum

174 2418 224 2479 est
247 2415 322 2478 nibil
345 2415 408 2479 illis
432 2414 589 2496 prodesse,
622 2413 706 2495 quod
739 2414 828 2495 quasi
860 2414 918 2477 sub
950 2413 1139 2478 correctione
1163 2412 1307 2494 episcopi
1328 2433 1356 2472 eo

174 2539 243 2585 esse
274 2523 496 2602 peruenerant?
528 2538 588 2583 nou
621 2518 703 2583 enim
735 2520 884 2583 correctio
918 2522 967 2583 est
993 2519 1056 2583 ista
1092 2519 1147 2583 sed
1177 2518 1308 2595 inlusio,

124 2628 266 2709 iibprout
290 2629 363 2690 sunt
386 2626 609 2707 imperatorum
632 2627 781 2706 tempora,
806 2623 899 2688 fidem
922 2628 1054 2690 uertere.
1122 2624 1209 2700 haec,
1228 2623 1309 2688 baec

175 2751 223 2796 res
249 2731 370 2813 decepit
393 2735 425 2794 et
447 2731 611 2796 Ualentem
633 2731 861 2812 imperatorem,
886 2749 959 2794 cum
980 2730 1012 2794 in
1035 2729 1199 2795 haereticis
1218 2729 1317 2794 uidet

176 2837 381 2902 constantiam
405 2835 603 2915 detensionis,
631 2836 662 2900 in
685 2836 757 2900 istis
781 2839 887 2900 autem
910 2835 1045 2919 egregiis
1075 2834 1238 2900 catholicis
1261 2834 1310 2905 in-

176 2943 383 3008 constantiam
405 2941 487 3006 fidei.
511 2961 583 3006 nam
605 2942 713 3024 utique
744 2942 894 3023 probatur
924 2941 983 3024 illi,
1013 2940 1097 3024 quod
1119 2940 1162 3018 hi,
1195 2939 1249 3022 qui
1272 2959 1309 3004 se
1329 2959 1357 3002 ιι

177 3049 348 3113 catholicos
380 3049 574 3125 adserebant,
607 3047 868 3130 subscripsissent
907 3046 995 3128 prius
1032 3065 1103 3110 cum
1139 3044 1308 3113 haereticis

178 3155 359 3218 denudantes
382 3173 476 3242 quam
498 3154 634 3237 primum
657 3152 858 3217 defenderant
871 3151 974 3230 fidem,
990 3154 1021 3216 et
1035 3151 1179 3230 dicebant
1201 3150 1309 3214 baere-

175 3259 293 3323 tici-‘si
315 3260 420 3324 nostra
441 3258 518 3323 fides
541 3262 624 3323 mala
654 3262 712 3335 est,
744 3277 836 3341 quare
860 3258 918 3322 sub
943 3257 1127 3323 Constantio
1160 3276 1213 3338 pro
1237 3257 1310 3338 ipsa

179 3365 392 3448 subscriptum
415 3368 467 3429 est
486 3365 524 3428 ab
548 3365 608 3441 his,
641 3365 695 3446 qui
727 3382 809 3427 nunc
842 3369 874 3427 s'e
898 3364 1068 3428 catholicos
1098 3362 1206 3427 dicunt
1228 3362 1309 3428 hanc

178 3472 272 3535 tidem
305 3472 509 3549 uindicantes,
543 3489 635 3552 quam
668 3488 739 3534 cum
771 3471 907 3552 primum
939 3469 1139 3533 defenderent
1170 3469 1310 3534 conuicti
1329 3486 1358 3528 ao

219 3742 280 3793 let
299 3741 364 3796 odd.
383 3739 481 3794 Siros:
496 3756 549 3795 om.
573 3740 599 3794 V
685 3741 729 3794 hio
751 3740 788 3796 V:
812 3742 850 3794 sic
868 3741 949 3794 Sirio.
1039 3738 1249 3808 trapecitarum
1272 3737 1312 3792 V:

181 3831 253 3881 ineat
255 3845 299 3882 um
318 3827 399 3883 Sirm.
454 3831 563 3883 boso:
582 3828 632 3881 hos
654 3828 681 3882 V
727 3828 900 3883 lbasilicam
920 3827 951 3891 V,
966 3842 1033 3881 corr.
1047 3826 1127 3882 Siros.
1180 3825 1213 3878 10
1228 3825 1311 3879 etV:

90 3943 91 3946 ¹
174 3916 208 3969 ,in
228 3915 338 3992 Sirra
351 3917 400 3970 l'l
418 3915 510 3988 obp²t
530 3916 567 3970 ab
587 3915 613 3969 V
674 3916 708 3969 14
725 3918 883 3986 episcopatu
902 3918 939 3970 ιι3
949 3917 1047 3969 rectius
1064 3921 1095 3988 ιιι
1111 3920 1187 3985 poto,
1207 3913 1312 3982 episco-

183 4005 259 4072 patui
279 3986 382 4061 ssim
430 4005 465 4059 20
484 4004 659 4082 correptione
673 4004 704 4067 V,
723 4006 827 4058 correxi
893 4004 928 4056 21
954 4004 1121 4071 correptioni
1191 4003 1234 4055 30
1247 4017 1311 4055 con-

183 4092 252 4146 uinti
277 4092 308 4156 V,
328 4067 429 4145 corun
520 4110 523 4115 ·
