2904 4672
171 261 237 325 490
379 257 553 327 Symmachus
571 273 642 328 papa
660 257 793 328 episcopis
810 275 859 328 per
874 257 1012 329 Illyricum
1030 261 1080 313 ete.

173 452 391 536 negleguntur,
426 451 505 516 citra
535 450 637 516 ullum
668 450 764 516 robur
794 451 990 517 credulitatis
1022 454 1148 517 nostae
1177 473 1317 518 summa

173 557 321 623 subsistit
342 575 465 639 semper
487 555 730 622 succedentibus
748 556 840 621 nouis
857 559 967 622 uetera
984 557 1156 622 constituta
1175 559 1315 637 soluen-

143 661 269 728 8tibns.
336 662 458 745 quando
500 663 583 726 enim
622 664 821 751 patemarnm
861 662 1041 746 regularum
1082 663 1315 748 despiciuntur

173 769 302 833 inuenta
323 787 381 833 nec
408 786 526 844 eornm,
550 785 630 851 quae
652 766 730 832 bene
756 767 905 832 instituta
926 770 1010 845 eunt,
1038 768 1171 834 firmitas
1201 771 1313 836 uindi-

172 877 271 951 catur,
294 873 476 939 huiusmodi
501 873 697 956 impietatem
718 891 846 938 necesse
870 877 919 939 est
940 872 1014 938 fidei
1037 893 1160 957 semper
1181 877 1309 943 nenne.
1343 899 1358 940 e

172 1000 245 1045 nam
267 980 324 1044 ubi
343 979 447 1045 facilis
466 979 633 1045 dissolutio
652 982 702 1045 est
719 979 914 1045 rationabilis
938 980 1112 1059 constituti,
1131 981 1178 1045 ibi
1198 981 1309 1048 omnis

172 1084 351 1150 sanctitatis
387 1085 486 1150 forma
524 1085 743 1169 corrumpitur,
778 1084 922 1152 Christus
953 1085 1117 1169 impetitur
1149 1088 1183 1151 et
1215 1086 1309 1174 (quis

172 1193 233 1256 hoc
259 1190 400 1256 fidelium
427 1190 582 1274 patienter
608 1189 776 1277 accipiatt)
807 1191 954 1257 instituta
980 1193 1103 1277 patrum
1129 1193 1310 1258 reuerenda

173 1298 343 1363 calcantur.
367 1300 399 1362 et
426 1294 511 1383 (quis
534 1316 595 1361 non
618 1296 703 1362 uitae
730 1299 862 1363 mortem
884 1297 969 1362 iusta
995 1297 1145 1363 electione
1170 1317 1308 1380 praepo·

143 1402 261 1490 aneta)
291 1403 347 1468 ubi
379 1402 553 1467 catholicae
583 1401 656 1468 fidei
686 1400 843 1468 adoranda
872 1403 1067 1471 reuerentia?
1111 1402 1167 1467 ubi
1197 1405 1306 1470 multo
1326 1430 1352 1470 ro

174 1528 283 1575 cruore
306 1511 485 1574 sanctorum
507 1507 654 1592 dogmata
676 1507 868 1573 constituta?
890 1506 947 1573 ubi
969 1506 1132 1573 doctorum
1154 1512 1307 1576 ueterum

173 1614 274 1680 fidelis
306 1614 499 1679 auctoritas?
539 1613 595 1678 ubi
625 1612 681 1676 illa
710 1612 929 1697 religiosarum
960 1613 1113 1678 mentium
1146 1615 1308 1697 stupenda

172 1720 332 1802 patientia,
360 1719 494 1803 propriis
523 1718 615 1783 bonis
638 1721 783 1784 contenta
808 1717 929 1796 nudari,
951 1737 990 1783 ne
1013 1717 1051 1783 de
1074 1737 1129 1803 spe
1157 1721 1306 1787 aeternae

173 1824 358 1890 hereditatis
395 1823 560 1902 excideret,
599 1823 728 1905 qnasuis
765 1822 903 1888 ambiens
929 1823 1102 1906 passiones,
1130 1842 1169 1888 ne
1200 1823 1306 1891 incor-

120 1928 752 2013 10ruptibilisilliusboniindicaretnr
777 1928 925 2013 indigna?
969 1947 1042 1993 nam
1067 1929 1155 1994 nulla
1180 1930 1307 1997 maiora
1326 1951 1353 1992 rs

174 2035 363 2104 documenta
384 2039 460 2101 sunt
481 2035 555 2100 fidei
581 2055 676 2119 qnam
696 2035 752 2099 ubi
778 2035 928 2118 temporis
951 2035 1031 2101 ratio
1059 2034 1172 2100 suadet
1196 2036 1306 2102 uitam

173 2142 307 2208 subdere
329 2142 478 2226 passioni,
501 2144 534 2206 et
555 2140 636 2219 ideo,
660 2141 715 2224 qui
735 2160 791 2223 pro
815 2159 852 2206 ea
872 2140 1048 2224 periculum
1069 2142 1304 2223 persecutionis

173 2247 279 2312 subire
314 2247 473 2324 meruerit,
511 2247 640 2331 dignum
673 2265 706 2311 aa
738 2246 866 2311 caelesti
902 2245 1041 2312 ostendit
1072 2264 1141 2311 esse
1172 2247 1304 2313 militia.

172 2353 317 2421 Christus
354 2373 411 2418 nos
446 2354 498 2436 pio
535 2352 698 2438 sanguinis
733 2352 785 2417 eui
818 2352 920 2435 pretio
954 2352 1147 2434 comparauit
1178 2353 1304 2436 gratiae

170 2461 316 2525 libertate
338 2477 488 2524 concessa
508 2459 588 2523 nihil
609 2457 841 2523 inuenientibus
864 2457 1009 2529 humanis
1033 2458 1189 2541 operibus,
1214 2459 1304 2541 qnod
1321 2480 1351 2522 ae

172 2565 302 2650 dignum
314 2584 370 2648 pro
386 2567 473 2629 tanta
490 2563 633 2629 mercede
650 2563 833 2642 tribuerent,
851 2565 946 2646 atque
962 2563 1044 2641 ideo,
1062 2562 1117 2628 ubi
1134 2563 1302 2648 religionis

172 2671 286 2736 iniuria
312 2674 371 2748 est,
400 2688 536 2735 amorem
562 2668 636 2734 fidei
659 2687 783 2734 omnem
811 2667 1029 2734 transcendere
1051 2670 1175 2750 oportet
1206 2669 1303 2735 affec-

120 2779 250 2843 lltum.
295 2776 512 2858 unusquisque
546 2793 619 2859 ergo
651 2772 743 2840 exilia
775 2778 808 2840 et
837 2774 1099 2859 peregrinationes
1134 2775 1303 2857 tamquam

172 2881 301 2948 domum
326 2882 522 2966 patriamqne
550 2879 708 2964 respiciat,
730 2899 770 2945 ne
792 2878 954 2945 desideriis
981 2883 1122 2945 retentus
1148 2879 1303 2948 humanis

173 2987 290 3053 Christi
326 2988 475 3052 societate
510 2986 663 3070 priuetur.
700 3004 770 3051 ecce
805 2988 942 3069 tempus,
980 3003 1040 3068 quo
1071 2984 1187 3067 repetit
1216 2985 1302 3053 fides
1320 3012 1347 3054 aa

208 3177 330 3231 lcetera
347 3176 373 3228 Β
424 3175 583 3230 2aubstitit
600 3177 627 3229 B
689 3176 775 3245 ,nouis
794 3173 832 3246 p²:
850 3175 927 3229 nobis
949 3175 1019 3245 ch
1078 3173 1255 3231 4indicatur
1274 3178 1303 3231 Β

170 3264 358 3320 dhuinamodi
384 3264 439 3335 Vp:
463 3265 491 3319 in
512 3263 666 3318 huiusmodi
684 3264 711 3317 B
832 3264 999 3334 impietatem
1016 3262 1075 3334 Bp:
1097 3262 1242 3332 impietate
1267 3265 1302 3330 V,

170 3353 324 3422 impietates
342 3352 411 3408 Bar.
518 3368 623 3422 semper
640 3353 731 3407 uenire
753 3351 809 3422 Vp:
828 3351 965 3422 peruenire
983 3350 1017 3416 Β,
1035 3350 1208 3420 superuenire
1227 3352 1302 3407 Bar.

168 3441 342 3510 8pacienter
358 3440 478 3495 fidelium
495 3446 561 3510 orep.
579 3440 606 3493 B
670 3443 804 3496 timorem
822 3439 849 3492 Β
923 3441 1053 3509 proponat
1070 3437 1097 3490 Β
1166 3439 1203 3493 10
1219 3455 1301 3495 reue-

170 3529 254 3586 renda
271 3529 297 3579 Β
360 3531 394 3582 13
412 3528 614 3598 contemptaV
681 3529 775 3582 nunari
794 3528 820 3579 Β
887 3528 920 3581 14
938 3525 1065 3580 exciderit
1082 3524 1117 3591 Β,
1136 3527 1302 3599 excidered

168 3617 289 3671 ambiens
307 3618 443 3686 passiones
466 3617 521 3687 Vde
545 3615 640 3669 ambiit
663 3615 830 3686 passionibus
849 3615 874 3667 Β
980 3613 1013 3669 ln
1031 3630 1093 3667 nam
1110 3613 1171 3684 Bp:
1195 3617 1251 3670 iam
1276 3618 1305 3672 V

169 3707 271 3759 maiora
293 3705 324 3776 ψε
343 3706 472 3759 maiorum
491 3705 526 3769 Β,
544 3705 721 3758 maloran
821 3706 853 3759 16
876 3703 923 3757 ubi
941 3702 1000 3774 Bp:
1022 3701 1052 3756 bi
1074 3718 1107 3756 cc
1128 3702 1157 3755 ui
1179 3719 1253 3758 corr.
1277 3707 1306 3761 V

172 3793 335 3850 lucubrare
358 3791 580 3861 dereddireR
650 3792 811 3862 precationis
830 3792 856 3844 Β
910 3791 943 3844 18
961 3790 1073 3861 obired
1149 3792 1300 3849 caelesti..

170 3884 268 3937 militia
285 3882 394 3951 scripsi:
412 3882 521 3935 caelesti
535 3924 542 3937 .
555 3923 560 3936 .
574 3881 688 3935 militiae
711 3879 770 3945 VB,
789 3879 898 3934 caelesti
911 3923 918 3936 .
930 3921 935 3933 .
947 3879 1060 3933 militem
1079 3879 1106 3949 ψ,
1135 3880 1265 3936 caelestis
1276 3924 1302 3939 ..

169 3972 315 4025 militieeo
397 3972 429 4024 19
447 3972 533 4042 nesib
604 3969 733 4038 sanguine
750 3969 779 4022 Β
847 3968 889 4021 aui
908 3966 965 4036 Bp:
985 3965 1084 4020 onaV
1136 3967 1301 4025 2011111εηί-

74 4087 77 4092 ’
168 4059 321 4113 enientibus
340 4059 365 4111 Β
401 4059 433 4112 21
453 4058 583 4112 tribueret
601 4058 627 4127 ψ,
646 4058 791 4110 retinuerat
809 4054 835 4107 Β
880 4054 916 4108 22
934 4059 1028 4109 omnen
1043 4054 1070 4106 B
1124 4054 1257 4112 effectum
1277 4062 1303 4114 B

171 4149 205 4201 24
224 4164 274 4217 que
293 4163 343 4201 om.
363 4150 382 4219 ψ
437 4148 470 4201 25
489 4148 649 4216 prouocetur
666 4145 693 4197 Β
