2904 4672
590 229 676 300 Epist.
694 231 709 284 1
726 232 804 286 3-4).
1233 238 1254 301 3

139 420 295 499 arenariis,
319 439 397 503 quos
415 419 540 504 ingenti
557 420 695 503 corrupit
712 422 821 505 pretio,
839 424 1076 490 Lateranensem
1093 426 1253 492 basilicam

137 527 243 592 tenuit
270 529 302 590 et
327 526 370 590 ibi
398 526 557 591 ordinatus
585 526 749 610 episcopus
776 530 809 592 et
833 528 986 594 redimens
1012 530 1146 596 iudicem
1168 533 1257 598 urbis·

138 631 322 698 Uiuentium
339 634 371 697 et
388 631 578 714 praefectum
597 652 733 698 annonae
751 633 906 698 Iulianum
923 634 956 698 id
974 634 1049 719 egit,
1068 640 1105 701 ut
1122 637 1253 703 Ursinus

138 738 188 802 uir
222 738 420 810 uenerabilis,
458 737 512 820 qui
546 736 634 821 prius
669 739 772 803 fuerat
805 739 942 822 pontifex
977 741 1146 817 ordinatus,
1182 762 1253 808 oum

109 843 283 907 edmantio
306 846 339 908 et
359 844 447 928 Lupo
470 843 651 911 diaconibus
676 843 708 908 in
736 844 862 909 erilium
889 845 1072 912 mitteretur.
1094 848 1177 929 quod
1199 849 1254 913 ubi

137 948 256 1012 factum
293 951 351 1026 est,
388 948 492 1030 coepit
526 948 678 1014 Damasus
714 950 884 1014 Romanam
915 951 1051 1033 plebem,
1083 971 1162 1034 quae
1193 953 1254 1018 sibi

137 1053 265 1118 nolebat
285 1053 460 1136 procedere,
480 1053 615 1118 fustibus
639 1057 672 1118 et
694 1053 786 1119 caede
808 1054 894 1119 uaria
910 1074 1106 1139 perunguere.
1129 1057 1254 1142 presby·

137 1163 221 1224 toros
245 1177 367 1241 quoque
390 1177 518 1223 numero
541 1162 661 1240 septem
683 1159 827 1225 detentos
849 1179 904 1243 per
926 1161 1064 1226 officium
1087 1162 1198 1228 nititur
1215 1164 1253 1228 ab

137 1264 213 1329 urbe
230 1266 413 1349 propellere,
433 1265 488 1330 sed
505 1266 594 1346 plebs
612 1262 713 1329 fidelis
732 1284 893 1331 occurrens
912 1266 1038 1332 eosdem
1056 1268 1253 1352 presbyteros

92 1389 119 1428 so
138 1370 220 1435 eruit
254 1374 287 1434 et
321 1370 360 1435 ad
395 1370 556 1435 basilicam
587 1371 702 1435 liberii
734 1371 799 1436 sine
834 1391 922 1436 mora
955 1372 1107 1454 perduxit.
1179 1362 1295 1439 tunc?

137 1475 294 1542 Damasus
309 1495 380 1542 oum
393 1476 519 1559 perfidis
532 1477 647 1540 inuitat
664 1477 817 1542 arenarios
837 1477 1049 1563 quadrigarios
1068 1480 1104 1543 et
1116 1479 1253 1544 fossores

137 1600 322 1664 omnemque
349 1582 467 1647 clerum
493 1601 565 1648 oum
593 1582 754 1648 serrrribus
781 1582 893 1667 gladiis
921 1586 953 1648 et
977 1583 1115 1649 fustibus
1143 1587 1175 1648 et
1201 1586 1252 1649 ob·

137 1687 220 1752 sedit
236 1688 400 1753 basilicam
417 1687 493 1754 hora
510 1688 572 1752 diei
589 1688 725 1753 secunda
742 1688 875 1771 septimo
892 1688 1101 1753 Kalendarum
1119 1690 1254 1754 Nouem-

136 1791 240 1857 brium
271 1793 322 1858 die
350 1792 497 1858 Gratiano
530 1797 563 1858 et
584 1793 746 1878 Dagalaifo
779 1812 879 1859 conss.
912 1796 943 1858 et
973 1813 1068 1877 graue
1100 1794 1253 1877 proelium

92 1915 119 1956 ιε
139 1897 320 1963 concitauit.
346 1917 418 1963 nam
449 1899 583 1964 effractis
613 1899 732 1965 foribus
765 1900 896 1982 igneque
928 1899 1091 1982 subposito
1123 1901 1252 1968 aditum.

137 2001 219 2068 unde
241 2003 439 2085 inrumperet,
464 2005 658 2086 exquirebam
682 2005 821 2069 nonnulli
844 2023 966 2088 quoque
989 2005 1026 2070 de
1048 2005 1252 2070 familiaribus

136 2107 205 2174 eius
235 2111 354 2174 tectum
385 2109 533 2175 basilicae
564 2109 759 2174 destruentes
794 2111 911 2195 tegulis
946 2111 1068 2174 fidelem
1105 2112 1252 2193 populum

136 2214 339 2295 perimebant.
370 2218 446 2280 tunc
476 2215 615 2280 uniuersi
642 2215 823 2280 Damasiani
853 2216 1004 2281 irruentes
1031 2217 1063 2281 in
1089 2216 1251 2281 basilicam

137 2322 261 2384 centum
280 2321 440 2406 sexaginta
457 2321 495 2390 de
508 2321 598 2404 plebe
612 2323 675 2385 tam
689 2322 775 2386 uiros
790 2340 882 2403 quam
896 2321 1043 2386 mulieres
1058 2322 1251 2394 occidemnt;

90 2449 119 2490 ao
136 2425 379 2492 uulnerauerunt
400 2427 493 2491 etiarn
518 2427 610 2509 quam
632 2427 794 2509 plurimos,
814 2445 848 2490 ex
872 2426 985 2508 quibus
1004 2427 1096 2490 multi
1114 2427 1253 2492 defuncti

136 2534 220 2597 aunt.
244 2531 282 2597 de
304 2536 390 2616 parte
412 2552 487 2598 uero
509 2533 638 2598 Damasi
665 2533 771 2596 nullus
799 2533 849 2596 est
874 2534 1027 2597 mortuus.
1094 2537 1167 2615 post
1188 2536 1251 2599 tres
1275 2531 1295 2595 8

135 2639 240 2702 antem
264 2638 330 2703 dies
353 2642 460 2703 sancta
481 2639 571 2720 plebs
592 2639 625 2701 in
647 2656 744 2701 unium
767 2637 955 2702 conueniens
979 2637 1082 2718 coepit
1103 2636 1252 2702 aduersus

135 2762 207 2808 eum
230 2743 347 2809 domini
369 2745 515 2808 mandata
535 2743 665 2808 recitare
688 2741 839 2806 dicentis:
863 2742 991 2807 nolite
1018 2741 1158 2806 timere
1186 2761 1252 2809 eos

135 2847 1252 2934 quiocciduntoorpus,animamuerononpossuntocci-

88 2975 116 3017 re
135 2955 244 3031 dere;
271 2956 427 3039 psallebat
452 2956 547 3020 etiam
573 2955 605 3018 in
627 2955 773 3020 laudibus
806 2957 838 3018 et·
865 2953 1003 3018 dicebat:
1031 2957 1253 3035 posuerunt

135 3061 322 3126 mortalia
340 3080 545 3127 seruorum
564 3064 720 3125 tuorum
738 3078 852 3124 escas
871 3057 1118 3124 uolatilibus
1138 3060 1251 3133 caeli,

133 3164 1254 3240 carnessauctorumtuorumbestiisterrae;effuderunt

134 3272 365 3357 sanguinem
391 3292 521 3338 eorum
545 3272 658 3336 uelut
686 3290 822 3354 aquam
848 3270 886 3334 in
915 3269 1092 3335 circuitu
1116 3271 1251 3337 Hieru-

134 3377 257 3442 salem
280 3380 319 3444 et
341 3397 413 3443 non
437 3383 531 3454 erat,
556 3377 621 3459 qui
644 3377 848 3460 sepeliret.
912 3393 1003 3456 saepo
1025 3375 1122 3458 igitur
1145 3374 1251 3439 eadem
1275 3376 1295 3438 9

87 3509 115 3550 ao
132 3484 222 3566 plebs
250 3484 385 3549 adunata
409 3485 442 3548 in
468 3483 598 3548 basilica
619 3483 734 3548 Liberii
761 3482 914 3547 clamabat
940 3481 1046 3546 dicens
1069 3480 1252 3546 ‘Christiane

115 3575 309 3674 imperator,
341 3590 420 3655 nihil
449 3593 481 3654 te
512 3590 599 3653 latet.
636 3608 742 3654 omnes
779 3589 918 3672 episcopi
949 3588 1079 3652 Romam
1114 3587 1251 3652 ueniant.

221 3831 255 3885 23
272 3829 370 3885 Matth.
390 3831 431 3894 10,
450 3831 485 3885 28
538 3832 573 3886 25
590 3831 688 3887 Psalm.
707 3831 750 3895 78,
769 3831 785 3883 2
804 3847 843 3900 sq.

169 4003 182 4056 l
208 4002 335 4057 encaeniis
358 4002 390 4072 V,
413 4019 480 4059 corr.
505 4001 532 4056 ο2
619 4003 710 4058 dsibi
730 4003 766 4058 V.-
788 4020 816 4058 se
838 4002 918 4058 Sirm.
1012 4001 1042 4054 ll
1066 4000 1199 4055 arenarios
1221 3999 1252 4064 V,

132 4107 201 4148 corr.
221 4089 248 4143 ο1

1153 4193 1183 4247 l*
