2904 4672
194 196 330 264 XXVIII
609 192 899 260 Prolegomeoa.

194 404 290 469 supra
311 385 374 449 dixi
397 388 497 448 extare
520 383 552 447 in
574 383 687 448 ultimo
705 382 781 448 folio
801 381 918 446 eodIcis
936 406 957 444 α
976 381 1013 446 ab
1033 381 1095 446 alia
1111 400 1206 446 manu
1225 383 1322 467 scrip·

194 496 273 557 tum.
298 490 409 555 deinde
431 489 549 573 legitur
571 488 647 553 haee
671 487 875 571 subscriptio:
908 486 1002 551 Hnnc
1024 487 1135 550 tidrnns
1157 488 1324 573 ocqnose'nit

194 597 326 662 domnus
347 593 529 660 Damianos
549 614 575 658 s.
595 595 626 677 †.
649 592 713 658 Iste
735 592 809 657 iiber
831 597 875 657 est
897 592 935 656 ob
958 593 1104 676 oripinodi
1125 613 1214 674 quem
1234 592 1324 659 babet

193 703 413 767 monasterinm
438 705 564 765 sanctae
590 701 689 764 erneis
707 699 809 782 fondis
836 698 1005 763 Auedonae
1031 697 1235 780 Enpbnbinne
1256 701 1319 764 dio·

195 807 271 871 cesis
298 807 336 871 de
361 806 453 871 uerbo
481 807 524 870 od
548 805 675 878 uerbum
701 804 832 884 fideliter
859 804 1036 885 resorptus,
1060 804 1111 870 cui
1133 805 1194 870 alia
1215 808 1254 870 ut
1273 806 1320 870 ui-

195 912 286 977 detur
311 931 423 977 manus
452 910 574 977 addidit
597 911 689 975 haec:
721 909 815 973 Anno
842 910 959 974 domini
983 910 1082 973 nostri
1103 908 1177 974 lesu
1202 909 1323 976 Christi

193 1003 309 1086 Πῡῖ.
376 1018 408 1082 in
431 1018 491 1082 fine
514 1017 614 1082 totius
638 1016 755 1082 codicis
779 1018 863 1081 extat
885 1013 976 1079 index
997 1035 1101 1080 rerum
1123 1017 1321 1100 alphabetico

194 1124 301 1189 ordine
324 1123 510 1206 disposItus.

237 1229 304 1294 lam
328 1247 363 1293 ex
386 1228 442 1305 eds,
467 1245 546 1310 quse
568 1225 661 1292 modo
685 1225 795 1304 adtuli,
819 1226 896 1290 satis
920 1225 1024 1290 elucet
1041 1225 1321 1291 Ottobonirrnumc

195 1333 346 1418 originem
369 1333 495 1399 duxisse
518 1352 555 1397 ex
577 1332 683 1397 codice
702 1353 732 1396 α.
756 1325 840 1413 quod
857 1331 941 1396 idem
960 1330 1068 1396 euadit
1084 1331 1219 1416 singulis
1237 1350 1320 1398 com-

193 1439 312 1522 ponatis
333 1438 535 1516 lectionibus,
558 1457 689 1520 quarum
713 1456 750 1502 ex
772 1436 892 1521 ingenti
913 1456 1053 1512 numero,
1075 1455 1113 1502 ne
1135 1437 1195 1501 sim
1224 1425 1320 1503 molc-

194 1550 275 1624 stus‚
298 1564 350 1611 eas
375 1544 545 1610 exscribam
562 1544 650 1622 duas,
671 1563 749 1627 qnae
767 1543 845 1608 mihi
863 1542 1029 1608 schedulas
1050 1560 1136 1608 meas
1159 1542 1321 1607 euoluenti

193 1651 311 1733 primae
337 1651 418 1715 forte
446 1654 627 1715 occurrunt:
694 1650 788 1733 352„
814 1647 896 1712 beati
923 1648 1051 1729 apostoli
1072 1631 1112 1727 V,
1135 1648 1214 1712 beati
1233 1648 1320 1729 petri

194 1755 229 1843 (i.
259 1777 286 1825 e.
315 1755 502 1821 uocabulam
530 1755 617 1836 petri
648 1754 803 1820 subducta
832 1754 915 1819 liuca
947 1753 1098 1840 deletum)
1128 1738 1320 1835 spnden]

194 1862 274 1927 beati
289 1862 375 1943 petri
396 1861 525 1954 apostoli
547 1881 564 1921 o
632 1862 710 1944 600,
732 1863 806 1944 post
827 1859 1061 1942 Inscriptionem
1083 1879 1130 1944 ep.
1151 1862 1210 1926 151
1235 1857 1319 1924 Hor·

193 1969 297 2033 masdo
326 1966 442 2032 Ioanni
472 1966 611 2048 epaseopo
647 1963 982 2047 Constantinopolitano
1012 1967 1044 2030 in
1075 1966 1181 2031 codice
1209 1988 1225 2046 9
1257 1984 1320 2032 unc

193 2074 307 2159 pagina
334 2091 435 2138 uacua
459 2051 569 2138 relicta
596 2090 631 2137 ac
644 2153 646 2157 Ι
659 2071 768 2148 deinde
790 2071 952 2155 inscriptio
974 2072 1030 2137 illa
1050 2066 1165 2137 iterum
1186 2071 1321 2155 repetita

195 2182 257 2256 est;
282 2179 321 2244 cf.
345 2199 425 2261 quae
446 2199 477 2262 p.
500 2177 607 2242 XVIII
630 2177 668 2243 de
692 2178 799 2243 codice
822 2200 844 2241 α
865 2178 1005 2260 exposui.

237 2285 348 2368 Neque
370 2289 474 2349 tamen
498 2305 514 2345 c
539 2304 574 2349 cx
595 2284 664 2367 ipso
688 2306 708 2347 α
731 2283 905 2368 descriptus
926 2287 978 2349 est
995 2283 1051 2349 sed
1069 2303 1105 2348 ex
1123 2284 1227 2366 aliquo
1246 2302 1318 2366 apo-

194 2391 311 2475 grapho
336 2391 404 2456 eius
426 2409 509 2455 nnnc
532 2389 701 2474 deperdito.
734 2391 966 2455 demonstratur
986 2390 1047 2454 hoo
1069 2389 1200 2473 exempli
1225 2407 1320 2477 capsa

194 2496 300 2561 uerbis
328 2515 408 2578 quae
436 2498 541 2561 extant
568 2497 672 2579 6191„
702 2495 757 2560 ubi
785 2514 856 2560 cum
880 2495 908 2558 V
931 2499 962 2561 et
984 2517 1004 2558 α
1027 2495 1192 2561 exhibeant
1211 2516 1269 2560 nos
1291 2498 1320 2560 et

194 2603 301 2665 contro
325 2600 539 2681 respondimus
565 2601 719 2665 uocabulo
748 2604 777 2663 ed
802 2620 837 2664 ex
864 2621 880 2664 e
906 2600 1086 2683 deprecato,
1108 2601 1140 2665 in
1163 2621 1180 2661 ο
1202 2601 1320 2686 legibur

193 2725 249 2770 nos
271 2711 300 2770 et
322 2708 428 2771 contro
450 2709 568 2770 coetero
589 2706 812 2787 respondimus,
837 2725 871 2770 ex
895 2725 956 2789 qua
978 2704 1111 2772 lectione
1138 2709 1265 2790 apparet
1285 2707 1318 2772 in

194 2811 361 2895 archetypo
385 2811 502 2876 codicis
524 2812 678 2877 uocabulo
702 2815 807 2875 contro
825 2806 1083 2895 suprascripsisse
1101 2812 1205 2878 nescio
1225 2830 1319 2895 quem

193 2920 231 2982 ut
248 2917 458 2983 coniecturam
474 2917 664 2987 uocabulum
678 2921 797 2982 caetero
809 2918 880 2982 iam·
891 2937 991 2983 encre
1010 2918 1089 2997 eius,
1104 2919 1158 3000 qui
1177 2918 1317 2983 codicem

194 3045 210 3085 o
234 3023 381 3100 exorauit,
404 3022 500 3088 simul
523 3042 594 3088 cnm
618 3028 724 3088 contro
744 3023 777 3087 in
799 3024 964 3092 uerborum
989 3025 1127 3092 ordinem
1144 3027 1316 3108 receptum.

193 3128 247 3192 uel
267 3131 305 3192 ut
327 3129 423 3194 alium
445 3129 551 3194 locum
574 3129 697 3208 eddam,
720 3130 813 3215 303„
829 3149 895 3212 sqq.
914 3131 946 3194 in
965 3129 1014 3192 Vc
1030 3131 1149 3215 iegitur
1170 3130 1318 3212 quomodo

193 3238 296 3297 endem
310 3232 386 3316 fleri
401 3238 559 3323 potest-nt
579 3236 614 3298 in
635 3255 694 3316 qno
720 3234 864 3300 Uitrasius
885 3235 1018 3316 quuitur
1039 3237 1090 3300 dei
1106 3236 1214 3301 boine
1231 3236 1317 3300 dnbi-

193 3337 304 3417 neore,
327 3339 384 3404 nbi
406 3343 477 3404 ente
499 3340 551 3405 uel
573 3343 647 3424 post
667 3341 716 3406 dei
738 3342 889 3408 excidisse
912 3343 1101 3408 uocabulum
1118 3342 1263 3424 spiritum
1280 3362 1318 3407 ex

194 3445 239 3509 eis
267 3445 374 3509 euadit
402 3464 480 3528 quae
508 3446 612 3511 uerbis
639 3447 704 3512 illis
727 3448 926 3530 praecedunt.
956 3449 1020 3512 iam
1041 3468 1115 3514 uero
1137 3450 1170 3512 in
1193 3470 1209 3511 o
1233 3442 1318 3513 extat

191 3552 227 3613 nd
251 3550 287 3612 in
313 3570 371 3634 qno
403 3547 544 3616 Christus
569 3553 705 3634 quuitur
731 3554 782 3618 det
806 3555 981 3636 spirn'Ins
1010 3554 1119 3619 dobere
1149 3554 1317 3631 dedictum

193 3654 276 3738 qnod
299 3673 371 3720 cum
394 3675 488 3721 sensu
512 3659 636 3728 omnino
660 3663 773 3739 careat,
795 3659 997 3725 manifestum
1021 3661 1123 3726 ostiu
1148 3660 1316 3745 archetypo

193 3759 319 3843 quidem
337 3761 453 3826 codicis
472 3766 555 3829 recte
571 3766 718 3844 spiritum
736 3765 877 3831 additum
894 3766 1004 3845 fuisse,
1021 3766 1054 3831 id
1073 3770 1178 3832 autem
1195 3767 1227 3832 in
1244 3767 1316 3849 ipso

193 3889 209 3930 o
232 3866 313 3931 male
337 3866 452 3932 abiisse
475 3868 506 3932 in
529 3871 667 3963 spiritns.
735 3890 814 3954 quae
837 3891 908 3937 cum
928 3872 974 3937 ita
992 3873 1065 3951 sint,
1082 3873 1115 3937 in
1138 3875 1244 3956 aperto
1267 3877 1318 3938 est

193 3971 434 4055 subscriptionis
457 3992 552 4056 supra
574 3976 694 4041 adlatae
716 3995 755 4042 ne
774 3995 842 4042 eam
860 3978 986 4061 quidem
1004 3980 1133 4061 purtem,
1153 3982 1316 4067 quaeest:

193 4077 256 4143 Iste
273 4077 348 4143 tiber
361 4082 405 4156 est
422 4079 461 4143 ob
479 4081 623 4163 oripinode'
640 4104 728 4168 poen
744 4083 833 4148 babet
849 4085 1067 4149 neonastera'nm
1079 4089 1204 4150 sanctae
1216 4080 1318 4151 crocis
