2902 4672
233 270 273 334 38
379 262 527 320 Marcellini
545 269 573 320 et
589 266 712 320 Faustini
730 265 762 320 de
781 265 945 320 confessione
964 282 1042 320 uerae
1061 265 1123 319 fidei
1141 269 1190 320 etc.

233 479 293 525 non
320 460 422 524 solum
449 459 535 524 uitae
562 459 629 524 eius
656 459 792 541 puritate
816 458 872 524 sed
895 463 927 524 et
954 459 1140 542 quibusdam
1165 459 1349 525 caelestibus

232 566 439 631 documentis.
477 568 525 630 est
560 565 642 629 enim
677 569 782 630 tantae
817 564 889 630 fidei
921 567 952 629 et
984 564 1205 649 sanctimoniae
1242 565 1350 630 beatus

232 670 397 753 Ephesius,
424 672 462 735 ut
489 689 682 753 quocumque
709 671 886 752 perrexerit,
914 688 985 734 eum
1009 670 1109 754 gratia
1131 670 1238 735 diuina
1261 669 1350 735 comi-

232 779 326 841 tetur.
354 777 499 858 probauit
524 777 584 841 hoc
611 779 643 841 et
668 778 757 860 plebs
785 781 892 843 sancta
915 777 996 861 apud
1020 777 1237 861 Oxyrynebum
1264 777 1352 842 beato

232 883 416 949 Heraclidae
453 883 693 960 communicans,
731 902 810 966 quae
845 883 937 947 illum
974 883 1012 948 ob
1048 882 1195 948 meritum
1232 881 1353 948 diuinae
1382 900 1396 942 o

233 989 351 1072 gratiae
373 989 426 1070 pia
448 989 515 1053 eius
538 988 703 1053 dilectione
726 988 894 1054 constricta
916 992 952 1053 ut
975 987 1131 1071 quondam
1152 987 1263 1052 Asiani
1284 1006 1354 1070 apo·

149 1094 211 1161 loo
235 1094 351 1158 stolum
370 1093 504 1156 Paulum
528 1111 597 1156 cum
622 1111 733 1177 magno
752 1093 826 1158 lietu
845 1092 972 1157 deduxit
990 1092 1249 1176 proficiscentem.
1295 1110 1354 1157 non

234 1198 310 1262 haec
342 1196 487 1262 laudandi
519 1197 624 1263 studio
654 1199 813 1281 loquimur
844 1198 899 1262 sed
925 1200 962 1262 ut
988 1198 1067 1264 scire
1093 1196 1235 1282 possitis,
1264 1216 1355 1281 quum

237 1306 361 1368 sanetae
386 1307 417 1367 'et
438 1303 547 1367 fideles
571 1303 691 1367 animae
714 1303 773 1368 sub
795 1302 894 1367 uestri
916 1302 1050 1368 nominis
1079 1303 1264 1368 anctoritate
1292 1321 1356 1388 grs-

235 1409 376 1474 uissimis
399 1409 668 1492 persecutionibus
692 1409 874 1492 affliguntur
891 1410 929 1473 ab
947 1409 1008 1488 his,
1027 1428 1105 1492 quos
1125 1411 1249 1473 constat
1271 1408 1355 1493 igno·
1372 1431 1398 1472 ro

235 1516 376 1580 rantibus
408 1515 498 1580 uobis
531 1515 623 1579 etiam
656 1533 736 1580 nunc
767 1533 867 1596 usqne
904 1517 959 1580 aut
993 1514 1166 1580 haereticos
1204 1533 1272 1579 esse
1305 1517 1358 1578 aut

151 1627 211 1692 107
235 1621 497 1704 praeuaricatores
530 1623 585 1686 aut
616 1620 717 1686 socios
750 1620 872 1685 talium.
939 1619 995 1685 sed
1027 1619 1178 1684 aduersus
1215 1621 1357 1684 sanctum

234 1727 403 1808 Ephesium
426 1725 583 1791 modicum
607 1726 681 1807 quid
704 1728 806 1792 conati
828 1727 859 1790 in
877 1726 1055 1791 Palaestina
1077 1725 1119 1802 hi,
1138 1724 1253 1806 quibus
1272 1743 1358 1790 sacra

235 1831 351 1896 ueritas
384 1850 511 1896 onerosa
542 1836 600 1907 est,
622 1833 732 1914 postea
763 1831 951 1897 destiterunt
980 1833 1155 1895 metuentes
1186 1829 1218 1894 in
1244 1829 1299 1895 illo
1328 1835 1359 1895 et

234 1936 306 2000 fidei
327 1936 504 2001 libertatem
528 1940 559 2001 et
582 1937 787 2001 constantiam
810 1936 906 2001 animi
924 1939 957 2001 et
972 1937 1031 2001 hoe
1049 1935 1154 2018 ipsum
1173 1934 1358 2017 cogitantes,
1376 1957 1401 1998 so

236 2041 319 2123 quod
341 2042 442 2126 magis
465 2041 602 2106 haeresis
626 2061 732 2106 eorum
756 2044 788 2107 et
808 2041 954 2125 impietas
976 2040 1066 2122 prodi
1092 2042 1224 2123 poterat,
1249 2040 1277 2105 si
1300 2040 1358 2105 sub

236 2147 328 2212 nobis
352 2147 512 2212 catholicis
535 2147 774 2229 imperatoribus
797 2147 935 2231 integrae
960 2149 991 2210 et
1014 2145 1185 2212 constantis
1204 2145 1277 2210 fidei
1296 2144 1358 2228 epi·

237 2271 366 2333 scopum
389 2253 491 2317 acrius
512 2253 748 2336 inquietassent.
772 2253 827 2318 ubi
849 2256 954 2317 autem
973 2250 1056 2316 idem
1073 2251 1185 2316 beatus
1203 2250 1357 2333 Ephesius

236 2357 390 2423 inuitatus
404 2357 543 2423 fidelium
561 2358 675 2423 litteris
694 2358 725 2423 in
744 2357 878 2423 Africam
898 2356 1062 2441 nauigauit
1078 2356 1167 2421 nobis
1187 2356 1357 2439 apostolico

237 2481 322 2527 more
345 2462 421 2528 dans
444 2467 653 2547 praeceptum,
672 2467 709 2529 ut
731 2463 812 2528 circa
835 2464 974 2527 sanctam
996 2461 1219 2527 fraternitatem
1243 2459 1399 2528 diuinisso

237 2571 269 2631 et
299 2568 521 2634 ecclesiasticis
554 2569 664 2634 officiis
695 2568 923 2646 incubaremus,
955 2567 987 2632 id
1018 2567 1123 2649 ipsum
1154 2568 1263 2632 sancta
1292 2565 1359 2630 illie

237 2673 427 2738 fraternitate
453 2678 611 2756 poscente,
641 2674 785 2759 egregius
812 2672 916 2738 Turbo
944 2671 1269 2753 Eleutheropolitanae
1297 2669 1358 2754 epi·

238 2797 352 2862 scopus
376 2779 512 2845 ciuitatis
536 2785 672 2846 nostram
697 2779 898 2863 exiguitatem
920 2777 1093 2861 despiciens
1120 2776 1152 2841 in
1175 2795 1231 2842 nos
1256 2775 1359 2857 coepit

238 2884 320 2949 uelle
352 2903 575 2963 consummare,
599 2885 683 2968 quod
713 2885 744 2949 in
776 2887 917 2949 sanctum
941 2882 1112 2966 Ephesium
1144 2898 1358 2947 consummare

237 3009 296 3054 non
325 3009 424 3070 ausus*
448 2995 507 3068 est,
535 2991 675 3056 nesciens
703 2990 786 3074 quod
810 2989 926 3055 Christi
953 2989 1003 3053 dei
1031 2989 1130 3073 gratia
1153 2987 1247 3052 etiam
1270 2985 1357 3050 mini·
1376 3013 1400 3055 n

326 3236 340 3288 7
360 3234 393 3287 cl.
412 3233 470 3288 lot.
489 3234 532 3296 20,
552 3234 586 3288 37
605 3250 644 3303 sq.

274 3357 289 3410 3
308 3357 414 3412 effesius
437 3357 468 3420 V,
488 3356 586 3410 elesius
604 3376 627 3419 κ,
647 3355 763 3425 ephisins
783 3374 799 3425 φ
872 3352 958 3422 grstia
976 3352 1011 3405 V:
1029 3352 1134 3406 iustitia
1147 3349 1173 3401 <h
1222 3337 1311 3405 4hoc'
1322 3350 1359 3404 V:

239 3462 284 3498 eos
303 3444 328 3495 ‹l›
401 3446 428 3497 et
446 3461 533 3515 orm
604 3443 758 3514 sprinchum
781 3441 811 3506 V,
831 3442 946 3495 oxiscnm
962 3461 987 3512 φ,
1007 3455 1130 3510 oxprcnm
1144 3458 1169 3501 π,
1189 3454 1252 3508 oxys
1272 3443 1359 3493 cunia

237 3531 412 3603 bhoraclyde
435 3532 462 3585 V
564 3532 597 3586 ob
620 3531 656 3585 V:
674 3533 705 3584 ut
723 3529 749 3580 <b
820 3529 975 3600 bcpostolo
993 3547 1027 3599 sp
1099 3525 1245 3581 VPaulurlt
1264 3542 1317 3582 om.
1333 3527 1359 3578 <b

239 3620 396 3675 deduxerint
413 3639 454 3683 πκ,
474 3619 674 3688 deduxernntp
730 3619 762 3673 lo
780 3617 935 3688 affligantur
952 3615 1032 3672 Siros.
1091 3615 1124 3670 11
1144 3617 1191 3668 snt
1213 3613 1250 3668 V:
1268 3616 1299 3668 ut
1318 3633 1358 3671 ns.

238 3725 323 3779 once
396 3723 454 3762 esse
471 3725 522 3763 om.
535 3708 560 3758 (1)
599 3709 630 3762 13
650 3707 768 3761 effesium
785 3706 816 3768 V,
836 3705 946 3760 etesium
964 3723 988 3766 s.
1009 3703 1174 3775 ephisiump
1247 3701 1318 3772 qnod
1335 3701 1361 3756 V

239 3793 437 3864 palatinatu
508 3795 547 3849 hii
566 3816 601 3867 πφ
653 3796 684 3850 14
703 3795 906 3864 distiteruntnp
962 3793 994 3847 17
1012 3793 1184 3846 nobiscnm
1254 3790 1358 3860 integre

239 3887 266 3937 et
284 3887 436 3938 constanter
454 3883 478 3934 ψ
567 3884 601 3938 18
619 3884 665 3937 ubi
684 3881 782 3953 autem]
800 3882 898 3951 incipit
914 3895 1009 3941 oureus
1026 3879 1121 3949 comp
1190 3876 1288 3931 elesius
1312 3877 1357 3938 Vs,

239 3973 364 4041 eplrysius
382 3989 408 4040 χ,
427 3970 580 4042 ορὴίείυεφ
645 3972 677 4024 19
696 3972 723 4024 in
746 3970 783 4023 V:
802 3969 835 4024 ad
854 3968 879 4019 ‹l›
941 3968 976 4022 20
994 3967 1041 4021 dat
1059 3966 1084 4017 Φ
1142 3966 1174 4020 21
1194 3964 1357 4019 incumbere-

238 4068 296 4113 mus
315 4060 340 4110 Φ
429 4054 547 4114 scaillic
569 4057 803 4114 V:illiosea11>
886 4056 921 4110 24
941 4055 1011 4125 quod
1028 4055 1054 4108 in
1075 4056 1194 4108 sanctum
1213 4052 1356 4122 Ephesium

239 4147 360 4216 (olseium
383 4145 433 4217 Va)
452 4163 633 4202 consummare
653 4162 702 4200 om.
725 4146 753 4200 Y
804 4147 837 4199 25
855 4145 975 4198 nesciens
994 4158 1045 4198 oro.
1064 4151 1080 4212 φ
1153 4139 1195 4194 dei
1214 4156 1264 4196 om.
1283 4157 1300 4191 π
