2902 4672
616 248 701 319 apuu
719 248 810 304 nuru
830 248 906 303 1-4.
1263 255 1327 318 143

199 443 275 510 ratis
292 443 323 509 in
342 442 431 522 urbe,
450 462 521 508 mox
543 447 701 523 uenerant,
725 443 905 509 constitutis
930 442 1125 509 occasionem
1148 443 1206 518 filii
1228 446 1328 511 nostri
1374 498 1376 502 Α

183 549 283 620 7Ρθῐτί
308 548 371 615 uiri
400 548 580 632 spectabilis
603 549 727 615 comitis
751 549 842 633 quasi
864 568 900 613 er
924 548 1078 614 centenno
1098 549 1326 633 proficiscentis

200 655 334 740 amplexi
354 657 421 720 tam
443 657 549 720 nostro
572 654 733 739 proposito
756 674 850 736 quam
871 654 1021 737 petitione
1044 654 1149 721 fratris
1172 658 1205 721 et
1226 657 1327 741 coepi·

199 751 287 846 scopi
309 761 410 827 nostri
432 760 587 827 Timothei
608 760 846 846 legatorumque
868 761 969 845 ipsius
996 761 1141 844 precibus
1167 761 1328 846 idipsum

156 885 182 932 ,ε’
199 867 240 933 ed
256 869 346 933 tuam
368 866 528 932 noluimus
551 866 711 949 peruenire
733 866 888 944 notitiem,
907 869 944 931 ut
966 866 1166 933 etiamnunc
1188 885 1328 941 commu-

198 973 286 1038 nium
317 971 408 1037 fieres
438 972 594 1056 particeps
626 972 812 1058 gaudiorum
843 976 876 1051 et
905 972 938 1036 in
968 971 1145 1056 praedictae
1177 972 1328 1039 ecclesiae

197 1067 436 1163 tranquillitate,
469 1078 730 1161 quemadmodum
762 1078 907 1157 diximus,
938 1078 1054 1144 laboris
1085 1079 1134 1144 tui
1164 1077 1328 1146 nobiscnm

198 1203 340 1268 carperes
370 1183 505 1250 iunctum
529 1186 561 1249 et
583 1183 850 1250 christianissimo
875 1189 907 1251 et
929 1184 1174 1250 clementissimo
1196 1183 1329 1268 principi

198 1292 322 1356 nostras
344 1289 467 1354 litteras
491 1288 615 1354 offense
639 1308 733 1372 snper
753 1291 811 1354 bac
834 1289 930 1355 etiam
951 1308 995 1368 re,
1014 1291 1051 1355 ut
1069 1290 1185 1374 etipse
1204 1279 1328 1375 quoqne

121 1469 124 1472 ‚
151 1417 180 1456 ιο
199 1395 377 1462 denotionis
405 1398 437 1460 et
461 1393 535 1459 fidei
556 1393 697 1479 propriae
720 1394 809 1461 donis
841 1394 899 1460 deo
924 1413 964 1460 se
990 1397 1173 1480 protegente
1195 1395 1329 1461 laetetur

201 1505 295 1585 abque
316 1500 480 1568 insistente
504 1501 633 1567 caritate
655 1504 712 1568 tua
733 1500 902 1567 maioribus
927 1500 1041 1567 studiis
1065 1500 1236 1566 catholicae
1258 1501 1329 1566 reli-

200 1593 304 1693 gionis
332 1607 481 1673 salutaria
508 1607 624 1691 scripte
654 1607 806 1672 mittendo
838 1605 959 1672 munire
991 1605 1137 1691 dignetur
1168 1606 1327 1672 ecclesias.

200 1733 250 1792 ne,
269 1714 356 1779 siout
371 1703 488 1796 experti
506 1732 628 1791 sumus,
645 1713 677 1778 in
696 1714 801 1798 aliqua
817 1713 944 1798 regione
963 1712 1111 1795 antiquus
1129 1712 1184 1778 illc
1200 1731 1327 1796 serpens
1350 1710 1389 1773 4,

199 1819 319 1886 totiens
341 1818 437 1885 excisi
458 1819 569 1904 capitis
591 1819 679 1884 uirus
701 1819 841 1887 effundat
863 1822 895 1884 et
916 1817 1074 1884 inficiendi
1097 1817 1218 1901 aliquos
1242 1835 1329 1883 occa·

153 1945 183 1988 rc
201 1933 334 2004 sionem,
368 1925 452 2009 quod
488 1925 580 2004 absit,
611 1944 720 1991 rursus
751 1925 901 2002 inueniat,
932 1923 1065 2007 prouida
1093 1927 1330 2010 praeceptorum

201 2050 281 2097 suae
302 2031 430 2115 pietatis
454 2031 646 2097 ordinatione
665 2031 827 2118 disponat;
850 2029 1007 2114 religiosis
1031 2032 1072 2107 et,
1096 2028 1180 2095 sicut
1204 2029 1330 2095 euiden-

200 2138 269 2204 tius
292 2137 485 2222 adprobanit,
514 2137 571 2203 deo
599 2156 632 2211 se
660 2136 950 2203 commendantibus
976 2134 1101 2220 legibus
1130 2134 1260 2213 sanciat,
1291 2153 1330 2200 ne

203 2244 256 2309 uel
283 2244 315 2308 in
342 2243 478 2309 tenebris
506 2243 694 2308 delitescant
720 2246 753 2308 et
778 2242 942 2328 improuisi
970 2243 1166 2308 ambulantes
1195 2241 1228 2306 in
1258 2240 1330 2306 lnce

202 2349 382 2433 percutiant
403 2353 436 2414 et
456 2349 516 2428 bis,
540 2369 618 2433 qnos
640 2348 751 2414 infide
769 2368 922 2434 pauperes
941 2367 1009 2414 esse
1026 2346 1228 2432 reppererint,
1247 2345 1331 2428 quod

166 2450 357 2540 eoprcpheta
377 2457 521 2533 testatur,
543 2454 771 2520 insidietur
797 2457 840 2519 ut
865 2453 1011 2538 rapiat3
1034 2453 1164 2520 Petrum
1184 2452 1330 2530 maxime,

295 2790 443 2846 20Psa1m.
462 2792 487 2856 9,
506 2791 540 2845 30
560 2791 604 2858 (=
617 2789 740 2844 Hebraic.
760 2789 802 2852 10,
820 2788 848 2856 9)

243 2992 258 3045 1
285 3007 346 3055 mox
367 2992 497 3045 uenerant
519 2988 582 3045 VB:
599 2998 698 3059 <quae>
713 3005 774 3044 mox
793 2990 923 3042 uenerant
943 2986 1016 3054 Gar,
1031 2987 1109 3056 <qui>
1125 3003 1186 3041 mcx
1204 2990 1335 3042 uenerant

203 3078 285 3143 Bor..
297 3087 383 3149 (qno)
394 3095 454 3133 mox
470 3081 602 3134 uenerant
617 3078 704 3142 Tbe'el,
723 3092 836 3146 quom
851 3075 924 3130 nobil
939 3076 1008 3144 [Μ’
1019 3079 1124 3144 poteel3
1140 3091 1211 3144 puae
1228 3075 1336 3130 madito

203 3171 279 3232 rme,
302 3166 353 3222 boc
377 3168 491 3223 uolent.-
516 3167 670 3221 memoratis
698 3167 747 3233 (ec.
769 3164 862 3220 Esaia
884 3169 910 3219 et
929 3153 1028 3231 eodm)
1046 3163 1075 3217 in
1097 3162 1162 3217 arbe
1180 3163 1334 3218 constitutis

206 3269 270 3309 mox
295 3258 358 3324 post
381 3254 530 3311 'aduentum
557 3270 647 3310 eornm
674 3259 737 3321 σιω
754 3253 787 3308 de
811 3251 942 3307 wandali
974 3267 1034 3305 mcx
1063 3265 1131 3304 resa
1147 3251 1182 3319 cs.
1213 3250 1335 3306 Iudicem

208 3335 229 3400 3
255 3345 377 3399 nostrum
403 3344 568 3415 propositum
586 3345 613 3397 Β
683 3341 843 3412 petitionem
865 3341 923 3406 VB,
941 3355 1009 3395 corr.
1024 3337 1051 3409 ρ’
1102 3338 1275 3408 dpernenire
1297 3337 1334 3403 V,

214 3432 331 3505 perferre
342 3433 369 3486 Β
440 3431 618 3487 communium
635 3436 667 3486 ot
683 3430 740 3485 uid.
759 3445 792 3485 ac
809 3428 986 3488 commoninm
996 3442 1063 3482 corr.
1081 3425 1113 3492 V,
1128 3441 1294 3481 conrmnnum
1308 3426 1335 3478 Β

206 3523 224 3576 6
251 3521 311 3576 fieri
328 3536 361 3576 ecc
377 3519 444 3576 ieeri
460 3521 488 3574 Β
580 3520 725 3591 participes
748 3517 774 3571 V.
828 3519 830 3523 ’
859 3513 1123 3586 'lquememmodum
1141 3513 1168 3565 Β
1256 3513 1335 3568 Sca·

205 3626 285 3681 peren
303 3610 330 3662 Β
418 3609 559 3664 defferree
583 3606 665 3662 Bam:
692 3608 803 3662 offerens
826 3605 877 3660 VB
947 3604 1016 3658 banc
1033 3603 1061 3656 Β
1132 3601 1164 3655 11
1192 3604 1274 3670 atque
1296 3600 1335 3655 V:

206 3701 292 3768 utque
309 3698 337 3751 Β
424 3697 569 3752 maioribus
591 3697 620 3750 Β
627 3714 633 3749 :
657 3679 788 3750 odoribus·
805 3694 837 3759 V,
863 3692 1007 3748 acrioribus
1029 3689 1092 3746 Gor.
1180 3689 1290 3744 relionis
1309 3689 1335 3741 B

209 3789 243 3843 12
261 3803 368 3842 munere
391 3786 450 3851 VB,
470 3802 537 3842 corr.
557 3785 584 3857 ρ’
673 3786 706 3840 13
728 3784 859 3855 religione
887 3783 913 3837 V
1000 3781 1033 3835 14
1056 3778 1158 3833 excisae
1183 3781 1244 3844 (om.
1263 3776 1336 3846 capi·
1424 3795 1425 3798 ¹

207 3876 257 3942 tis)
275 3876 303 3929 Β
373 3874 500 3929 infundat
517 3875 543 3927 B
614 3873 770 3928 inficiendos
787 3872 815 3925 Β
877 3872 910 3926 15
928 3869 1129 3941 praecepturum
1147 3865 1178 3923 Β.
1237 3866 1269 3924 11
1289 3864 1336 3918 ab·

208 3964 334 4034 probauit
359 3963 386 4018 V
455 3963 488 4017 18
516 3963 671 4018 delitiscant
692 3962 720 4015 Β
807 3958 913 4031 inprobi
940 3959 963 4013 ei
984 3956 1013 4009 Β
1118 3953 1152 4007 la
1180 3956 1209 4009 et
1229 3951 1272 4007 his
1301 3950 1335 4004 V:

211 4051 278 4107 siB
352 4051 528 4123 repperisrint
544 4052 573 4105 B
660 4051 694 4105 20
712 4048 855 4103 insidiatur
872 4050 905 4101 nt
921 4047 1010 4117 rapiat
1029 4055 1174 4114 pauperem
1190 4043 1296 4111 petrum
1310 4039 1337 4093 Β

212 4141 256 4212 (cf.
278 4140 367 4211 Volo.)
