2904 4672
135 235 198 299 278
407 231 500 300 Uigilii
520 231 695 286 coustitutum
715 230 747 284 de
765 230 851 284 tribue
870 229 994 299 capitulis

135 426 217 509 qued
249 426 278 489 ei
310 426 410 509 gratia
441 425 542 492 dedit:
572 444 651 509 quae
679 425 774 490 nenda
801 425 960 491 domiuum
988 430 1132 492 nestrum
1158 427 1261 491 lesum

135 533 294 598 Christum
322 534 412 599 uelut
438 553 535 597 unum
563 533 601 597 de
628 533 721 597 iustis
749 533 930 597 hominibus
952 534 1073 598 faciunt
1094 531 1260 607 aestimari,

134 638 188 720 qui
215 658 275 703 uon
304 638 420 703 deitate
448 658 507 703 sua
533 638 673 703 excelsus
700 639 902 722 intellegatur
930 639 985 704 sed
1012 640 1115 724 gratia
1146 637 1262 720 aliquid

134 745 269 828 amplius
294 764 387 827 quam
411 746 506 810 ceteri
529 746 669 809 homines
694 747 852 808 asseratur
874 745 1017 828 adeptae.
1042 745 1174 827 quodsi
1194 744 1260 827 quis

133 851 178 914 ita
201 851 284 934 sapit
305 851 398 915 donet
420 851 519 915 credit
541 854 596 916 aut
617 850 784 932 praedicat,
808 851 972 915 anathema
995 852 1046 915 sit.
1123 928 1125 931 Ι

48 1044 111 1106 172
584 1046 743 1120 Capitulum
766 1048 818 1106 LI.

180 1171 234 1229 Sed
266 1171 322 1229 mei
353 1172 466 1241 fratres,
500 1171 550 1246 qui
581 1170 706 1230 eiusdem
739 1170 809 1228 mihi
841 1170 940 1241 matris
972 1170 1040 1229 sunt
1070 1169 1132 1240 ulii,
1166 1170 1263 1230 dluunt

135 1258 205 1318 mihi
232 1257 300 1318 ‘non
328 1278 430 1335 separa
456 1260 600 1320 huminem
629 1263 658 1318 et
684 1260 768 1317 deum
795 1260 845 1318 aed
873 1276 960 1317 ununn
993 1260 1171 1333 eundemque
1198 1256 1281 1321 dict·

135 1347 277 1430 hominem
311 1348 409 1408 diceus
441 1348 656 1408 connaturalem
688 1348 757 1407 mihi
789 1349 868 1419 dico;
901 1347 985 1406 deum
1013 1348 1038 1406 si
1065 1348 1168 1417 diuam,
1197 1365 1262 1408 eon·

136 1437 295 1494 naturalem
319 1437 372 1496 den
396 1437 474 1496 dien:
503 1439 644 1512 quomodo
667 1437 752 1497 homo
776 1440 805 1495 et
828 1437 898 1495 deus
921 1454 1008 1495 unum
1032 1439 1094 1495 eet?
1126 1437 1261 1511 numquid
1277 1449 1296 1488 ¹⁰

135 1542 193 1582 uua
221 1528 323 1584 natura
348 1527 473 1585 hominis
496 1529 526 1585 et
548 1528 603 1596 dei,
633 1525 740 1585 domini
763 1529 792 1584 et
813 1525 899 1595 serui,
927 1525 1044 1585 laeteris
1068 1527 1097 1584 et
1118 1525 1262 1584 facturae?

51 1609 113 1673 173
136 1614 219 1673 homo
242 1614 350 1673 homini
374 1615 629 1676 consubstantialis
653 1619 706 1685 est,
730 1614 801 1674 deus
823 1616 918 1673 autem
937 1616 990 1674 den
1009 1614 1263 1673 consubstantialis

137 1705 194 1760 est:
219 1704 361 1776 quomodo
384 1704 471 1779 igitur
493 1704 579 1764 homo
604 1707 632 1763 et
654 1704 724 1762 deus
747 1720 821 1763 uuus
843 1720 895 1778 per
912 1703 1051 1761 unitatem
1070 1720 1134 1768 ease
1152 1706 1263 1776 potest?

137 1791 186 1865 qni
215 1791 358 1851 saluifieat
385 1795 414 1851 et
442 1793 491 1867 qni
518 1793 712 1852 saluifieatur?
744 1792 882 1866 quiante
905 1791 1020 1850 saecula
1043 1793 1088 1850 eat
1109 1793 1140 1851 et
1161 1792 1211 1866 qui
1232 1810 1264 1851 ex

136 1879 227 1938 Maria
248 1881 401 1956 apparuIti
859 1903 861 1906 ⁴
1279 1917 1298 1956 u

50 1992 113 2063 174
178 1999 215 2064 lu
247 2018 342 2081 supra
373 1999 489 2081 aeripto
521 1999 780 2084 quinquagesimo
812 1997 912 2079 primu
950 1995 1088 2079 capitulo
1124 2003 1264 2084 negatur,

137 2104 220 2187 qued
246 2124 328 2170 unua
356 2104 502 2188 idemque
531 2104 593 2169 diei
618 2105 722 2188 possit
745 2105 822 2169 deue
845 2105 878 2168 et
899 2102 1004 2180 homo,
1029 2101 1159 2169 dicendo
1182 2106 1264 2188 ‘quo-

137 2210 228 2276 modo
260 2211 353 2276 homo
385 2213 418 2275 et
449 2211 526 2277 deus
556 2229 639 2276 unus
670 2231 725 2294 per
755 2211 908 2275 unitatem
941 2227 1010 2274 esse
1045 2213 1175 2291 potest?
1211 2211 1265 2296 qui

138 2315 294 2382 saluifieat
321 2320 353 2382 et
380 2316 434 2398 qui
458 2317 672 2383 saluifieetura
702 2318 754 2401 qui
782 2320 854 2382 aute
877 2317 1003 2380 saecula
1026 2319 1075 2381 est
1098 2319 1131 2381 et
1154 2319 1209 2401 qni
1232 2338 1265 2384 ex

136 2422 236 2487 Maria
272 2423 450 2507 apparuitl’
484 2442 563 2506 quae
599 2423 695 2488 uerba
731 2423 809 2488 draus
844 2422 1046 2487 introducunt
1078 2423 1107 2486 iu
1142 2423 1264 2490 Christo
1280 2449 1300 2489 u

137 2547 294 2611 personae.
323 2530 351 2594 ai
378 2529 449 2613 quis
475 2531 574 2614 igitur
599 2531 646 2595 ita
673 2530 756 2613 sapit
783 2530 874 2594 docet
897 2527 996 2592 eredit
1019 2531 1073 2592 aut
1095 2530 1264 2611 praedicat,

138 2635 303 2700 anathema
325 2636 377 2700 sit.

53 2832 115 2896 175
581 2832 742 2908 Cepit-ulum
764 2832 826 2891 LII.

183 2939 261 2996 Beue
284 2938 394 2998 intulit:
418 2955 562 3014 namque
587 2957 649 3014 ega
672 2939 770 2998 homo
795 2955 876 3009 aum,
899 2939 932 2996 ut
954 2938 1032 2998 dicat
1052 2934 1134 2998 ‘nihil
1158 2941 1263 3000 miran-

140 3027 216 3098 dum,
245 3027 270 3085 ei
297 3028 352 3087 hoe
379 3030 471 3102 putes,
501 3045 563 3087 num
592 3028 632 3087 sis
658 3029 743 3088 homo
770 3027 915 3101 accipiens
937 3043 955 3084 a
978 3027 1045 3086 deo:
1078 3029 1212 3102 quoniam
1240 3032 1267 3087 et
1282 3056 1303 3096 u

227 3213 244 3265 6
270 3210 334 3282 Cup.
358 3211 525 3268 u1=neu
550 3213 612 3282 Syn.
636 3213 683 3267 50:
707 3211 847 3267 ‘Eiuedem
874 3214 922 3280 (se.
949 3210 1093 3281 Tueoddri)
1120 3229 1153 3267 ex
1180 3215 1267 3268 eodem

140 3300 217 3354 libro*
241 3300 264 3354 0
350 3301 384 3354 23
404 3298 468 3370 Gap.
488 3300 535 3354 Lll
555 3325 588 3346 =
607 3301 665 3354 let.
685 3301 747 3370 Syn.
771 3301 818 3354 511:
841 3298 981 3354 ‘Eiusdem
1003 3304 1049 3366 (ec.
1073 3299 1217 3370 Theodori)
1236 3319 1267 3356 a

139 3394 238 3458 quarto
252 3389 322 3443 libro
334 3390 474 3444 enemente·
485 3389 633 3444 seeundum
646 3388 820 3443 Malliacum
833 3389 866 3442 de
878 3388 1102 3443 lreeatrmtarclro'⁴
1110 3385 1139 3443 0.
1181 3390 1266 3444 Aliam

140 3477 290 3531 uerrionem
308 3493 384 3547 capp.
402 3477 452 3532 LII
470 3480 498 3532 et
514 3477 579 3532 LIII
592 3477 654 3532 uide
672 3478 745 3548 apud
756 3477 913 3531 Fecundum
931 3477 1076 3541 Hermian,
1094 3476 1146 3531 Pro
1166 3477 1266 3532 defens.

140 3565 221 3619 trium
241 3565 349 3635 capitul.
368 3566 411 3620 IlI
428 3568 445 3620 4
461 3567 567 3636 (Migne
585 3567 629 3632 67,
648 3567 711 3637 595)
728 3568 847 3636 itemque
866 3565 946 3618 aliern
964 3565 1119 3618 ultimorum
1134 3582 1190 3634 cap.
1205 3563 1267 3619 LIII

140 3654 280 3719 uerborum
294 3654 365 3723 npud
377 3654 563 3709 Innocentium
573 3655 710 3718 Meuaniae
724 3655 878 3726 episcopum
890 3654 992 3724 (Spieil.
1008 3651 1097 3708 Oasin.
1111 3654 1125 3708 I
1140 3654 1191 3708 152
1205 3671 1230 3709 n.
1240 3653 1265 3716 6)

140 3742 174 3796 24
192 3741 289 3795 uentu.
309 3742 334 3802 8,
353 3744 370 3796 9

177 3855 324 3924 ignatium
343 3856 412 3910 Bur.
455 3855 584 3927 8eepare
604 3855 650 3911 0²:
669 3873 776 3927 reparas
798 3856 839 3923 0¹,
858 3859 982 3926 seperate
1004 3855 1031 3908 V
1064 3855 1191 3910 9dieeus
1209 3856 1267 3910 VC:

142 3943 200 3996 dico
215 3941 321 4007 Suriae,
337 3943 427 3998 dicens
446 3945 506 3999 dico
524 3945 593 3999 Bar.
611 3945 855 4014 interpunctionem
873 3945 1014 3999 uerborum
1028 3960 1047 3997 a
1060 3960 1100 3998 me
1117 3946 1268 3998 restitutam

136 4032 225 4099 plane
247 4037 392 4087 euertentee
481 4034 514 4088 13
538 4033 670 4102 quomodo
692 4034 853 4102 igttur..15
872 4032 998 4103 apparuit
1018 4031 1124 4086 endibet
1140 4033 1269 4102 Pelaqiue

140 4119 160 4174 1.
179 4135 201 4175 e.
223 4122 282 4173 443
334 4120 370 4174 24
387 4136 501 4190 nemque
520 4123 549 4175 et
566 4138 616 4190 ego
634 4120 734 4176 Suriae
751 4120 896 4177 acuendum
918 4120 1065 4191 Vulyutam
