2904 4672
596 284 681 354 Epist.
700 283 797 338 XCVII
814 283 925 338 83-88.
1251 289 1316 352 435

123 527 126 532 .
193 477 312 559 ntique,
340 477 367 542 si
395 477 426 541 in
453 497 547 541 uuam
576 477 711 560 speciem
734 477 870 559 corporis
893 491 1053 560 unumque
1077 498 1183 543 sexum
1208 500 1316 544 omnes

192 583 315 646 fuerant
346 583 527 660 suscitandi,
560 602 615 647 cur
641 583 805 659 diceretur,
834 602 928 646 causa
954 585 1079 665 penitus
1105 605 1165 650 non
1191 586 1316 650 fuisset.

195 688 268 770 quin
299 688 405 772 potius
438 708 509 753 curn
540 689 672 753 femineo
701 707 775 752 sexu
801 692 903 771 magis
931 693 1077 771 conpetat
1103 690 1228 768 nubere,
1255 709 1315 755 non

194 794 259 860 illic
291 793 470 858 defuturum
502 795 556 858 sed
584 798 779 859 cessatumm
804 812 932 876 prorsus
960 813 979 858 a
1004 797 1122 880 nuptiis
1150 796 1315 862 indicatur.

163 921 176 960 s
195 901 595 965 cumautemnihilominus
607 901 757 984 scriptum
773 900 830 964 sit:
843 905 886 964 ut
905 901 1101 984 <re>cipiat
1119 903 1317 985 unnsquis-

196 1025 263 1086 que
281 1006 431 1088 propria
449 1007 615 1088 corporis
634 1026 725 1089 quae
744 1007 878 1090 gessit,
898 1007 978 1071 siue
996 1008 1090 1072 bona
1109 1008 1189 1072 siue
1203 1010 1316 1088 mala,

195 1111 351 1193 quomodo
374 1112 407 1175 id
428 1112 492 1186 fiet,
515 1113 575 1176 nisi
597 1116 727 1194 uterquc
746 1131 837 1177 senus
856 1112 887 1176 in
907 1114 956 1177 sui
971 1114 1111 1196 corporis
1128 1115 1318 1197 proprietate

195 1217 248 1280 uel
274 1217 425 1282 iudicium
448 1219 559 1283 subeat
582 1220 633 1283 uel
655 1220 827 1300 praemium
850 1219 958 1283 beatae
981 1219 1215 1285 resurrectionis
1239 1223 1318 1285 acci·

194 1322 284 1404 piat?
310 1324 462 1388 falluntur
489 1329 606 1401 autem,
634 1325 687 1406 qui
709 1327 822 1406 putant
843 1325 923 1389 illud
945 1325 1079 1408 apostoli
1101 1327 1368 1392 testimonium86

152 1450 178 1490 ιο
196 1428 322 1493 sibimet
349 1430 521 1514 suffragari,
549 1450 609 1513 quo
636 1430 801 1495 uideantur
824 1430 964 1496 adserere
987 1431 1018 1494 in
1043 1431 1164 1496 uirilem
1186 1432 1317 1497 formam

197 1553 304 1599 omnes
336 1535 477 1601 homines
509 1536 716 1613 suscitandos,
749 1535 803 1600 ubi
835 1536 894 1601 ait:
932 1537 1045 1601 donec
1082 1555 1316 1603 occurramus

196 1658 321 1705 omnes
343 1641 379 1704 in
402 1661 512 1706 unum
535 1643 655 1706 uirum
677 1642 893 1724 perfectum.
918 1641 993 1723 quid
1011 1661 1083 1724 ergo
1102 1642 1226 1720 facient,
1246 1662 1317 1708 cum

196 1765 304 1810 rursus
340 1746 430 1838 idem
461 1748 558 1812 dicat:
595 1748 774 1830 despondi
810 1767 876 1812 uos
913 1747 976 1811 uni
1017 1748 1096 1813 uiro
1136 1748 1318 1832 uirginem

198 1854 337 1915 castam
379 1852 548 1917 exhibere
590 1851 755 1928 Christo,
797 1853 880 1935 quod
920 1852 993 1916 huic
1034 1853 1142 1934 utique
1181 1854 1318 1936 opinioni

153 1979 179 2018 rs
198 1976 304 2022 eorum
332 1959 390 2023 erit
417 1959 483 2022 sine
512 1959 705 2023 dubitatione
733 1961 930 2036 contrarium,
955 1959 1015 2023 nisi
1037 1959 1185 2042 mysterio
1209 1978 1319 2042 conpe-

195 2066 295 2128 tenter
306 2065 447 2145 inspecto
461 2064 602 2129 modesta
619 2068 721 2130 mente
740 2067 939 2148 cognoscant,
958 2066 1092 2147 qualiter
1108 2068 1320 2147 utrum<que>

197 2170 383 2235 conueniat?
454 2170 530 2252 qnid
563 2171 669 2254 itaque
706 2171 786 2235 uelit
821 2170 891 2244 sibi,
928 2171 1011 2254 quod
1033 2171 1063 2234 in
1087 2174 1220 2253 utroque
1244 2189 1318 2237 sexu
1329 2177 1369 2241 87

198 2275 390 2339 describatur
430 2277 571 2355 ecclesia,
613 2280 761 2359 quantum
804 2276 928 2341 domino
964 2280 1118 2341 reserante
1155 2277 1318 2355 sentimus,

198 2381 389 2463 exponimus.
421 2383 459 2446 ab
491 2383 580 2448 initio
613 2382 771 2448 Christum
805 2384 836 2446 et
868 2382 1031 2447 ecclesiam
1062 2383 1198 2446 humana
1229 2400 1319 2446 came

154 2506 178 2545 so
198 2485 403 2557 similitudine
440 2488 577 2572 coniugii
612 2489 806 2572 designatam
844 2491 950 2552 sancta
987 2487 1141 2569 scriptura
1176 2490 1319 2552 testatur.

198 2591 324 2673 proinde
347 2610 417 2656 cum
440 2593 572 2658 femineo
597 2613 670 2658 sexu
694 2596 837 2658 censetur
854 2593 995 2665 ecclesia,
1012 2593 1176 2656 infirmitas
1194 2592 1319 2674 quidem

198 2695 353 2762 humanae
389 2698 573 2762 conditionis
611 2698 793 2774 ostenditur,
827 2717 904 2779 quae
935 2701 1095 2778 tamquam
1125 2698 1156 2761 in
1189 2697 1320 2761 ecclesia

199 2802 330 2885 coniuge
345 2801 461 2867 Christi
474 2803 690 2867 conuenienter
708 2803 896 2884 exprimitur,
916 2803 970 2867 sed
989 2804 1111 2867 nomine
1129 2801 1319 2886 uirginitatis

200 2908 252 2971 uel
279 2906 485 2971 continentiae
513 2907 580 2971 cius
607 2907 802 2990 propositum
829 2908 881 2972 uel
907 2907 1069 2991 integritas
1094 2907 1174 2984 fidei,
1198 2906 1235 2971 de
1259 2927 1320 2988 qua

156 3033 181 3075 ss
201 3014 232 3076 et
253 3012 320 3094 ipse
342 3012 452 3076 beatus
476 3011 637 3094 apostolus
661 3012 796 3098 disserit,
818 3013 989 3076 intimatur.
1009 3030 1080 3077 cum
1098 3031 1171 3077 uero
1190 3011 1318 3077 dicitur:

201 3117 314 3182 donec
352 3136 590 3182 occurramus
628 3137 749 3183 omnes
787 3117 825 3181 in·
859 3117 978 3182 uirum
1009 3117 1231 3199 perfectum,
1264 3129 1372 3193 necgss

201 3222 360 3286 diuersum
397 3224 446 3286 est
480 3240 537 3286 nec
573 3222 719 3300 diuisum,
752 3223 897 3304 quoniam
929 3222 1076 3304 quicquid
1106 3222 1138 3285 in
1171 3221 1320 3286 ecclesiae

202 3345 328 3409 corpore
352 3327 536 3405 continetur,
560 3347 638 3409 quae
660 3347 732 3391 cum
752 3328 874 3393 Christo
899 3347 960 3391 una
983 3346 1051 3392 caro
1076 3330 1133 3404 est,
1153 3325 1233 3391 sacri
1250 3327 1320 3411 lege

290 3635 383 3692 scor.
402 3635 429 3688 n
448 3637 474 3698 5,
493 3635 526 3688 ro
607 3636 636 3688 11
657 3633 724 3704 npn.
743 3635 768 3697 4,
790 3635 822 3689 13
904 3635 936 3688 ra
955 3633 1013 3690 cor.
1033 3634 1061 3688 11
1079 3634 1157 3698 11,2
1234 3633 1320 3688 noer.

202 3723 269 3792 Eph.
289 3725 313 3789 5,
333 3723 366 3776 se

238 3899 253 3951 3
273 3898 344 3951 senui
366 3896 445 3950 Thiel
515 3898 530 3950 5
549 3896 660 3964 recipiat
676 3895 772 3963 scripsi
790 3895 899 3962 (reserat
920 3895 1024 3964 Vulp.).·
1046 3896 1129 3965 cipiet
1150 3896 1180 3958 V,
1200 3896 1320 3965 capiato
1377 3888 1380 3894 ‘

205 3986 237 4038 13
256 3984 379 4054 dispendi
402 3984 428 4035 V
520 4001 572 4036 uuo
596 3983 627 4046 V,
646 3999 713 4036 corr.
735 3983 798 4038 Cor.
889 3984 921 4036 16
939 3982 1150 4037 modestamenta
1172 3984 1202 4047 V,
1221 3999 1287 4038 corr.
1306 4002 1320 4034 o

203 4077 291 4126 utrum
315 4073 346 4133 V,
365 4088 431 4126 corr.
454 4071 532 4125 Thiol
616 4073 648 4126 18
666 4069 830 4125 describatur
851 4071 941 4125 Thiar:
959 4071 1139 4125 describatV
1220 4072 1252 4125 19
1270 4072 1319 4125 hu·

203 4177 281 4213 mana
303 4161 339 4214 V:
357 4161 384 4212 in
402 4176 455 4212 una
477 4159 553 4213 Tdiel

1218 4263 1268 4318 28*
