2904 4672
188 256 253 320 432
394 251 493 307 Gelasii
510 253 531 306 1.
551 252 623 307 dicta
641 251 767 306 aduersus
785 250 956 322 Pelagiananr
975 252 1105 306 haeresim

187 451 337 528 quantum
362 451 466 510 autem
490 447 528 510 ad
550 447 769 530 proprietatem
788 465 948 527 corporum
968 446 1096 528 respicit
1113 447 1314 522 edocendam,

188 553 365 634 plenissime
411 552 592 627 declaratur,
638 551 721 632 quod
764 551 874 616 beatus
916 552 1077 632 apostolus
1117 571 1315 635 nequaquem

187 659 313 722 seminis
342 658 435 722 unius
464 658 681 738 conparatione
710 660 883 735 contentus,
908 676 962 738 per
985 657 1067 738 quod
1090 658 1314 740 proprietatem

186 783 349 846 corporum
373 783 432 828 non
455 767 563 847 posset
586 764 758 839 ostendere,
783 783 854 828 cum
876 763 908 826 id
932 782 992 826 una
1015 763 1144 844 species,
1163 767 1200 827 ut
1219 784 1314 848 supra

185 875 390 936 memoratum
424 873 481 944 est,
514 871 641 934 seminis
673 889 731 933 non
764 870 900 945 baberet,
935 870 1056 934 studuit
1089 890 1123 933 er
1155 872 1311 935 seminum
1342 891 1354 929 ⁵

186 977 367 1041 diuersitate
395 979 566 1040 monstrare
593 976 761 1058 unicuique
789 977 993 1060 surgentium,
1024 977 1076 1057 qui
1104 979 1177 1039 srrnt
1200 977 1312 1059 utique

130 1074 174 1136 80
185 1079 355 1147 seminibus
383 1083 563 1164 comparati.
590 1082 750 1163 proprium
778 1101 891 1164 corpus
919 1102 988 1146 esse
1010 1082 1211 1146 reddendum.
1282 1089 1312 1147 ot

183 1192 348 1272 resurgent
379 1207 452 1270 ergo
484 1188 625 1251 homines
658 1187 811 1251 uiuificati
842 1193 1085 1269 postmortem,
1120 1189 1173 1269 qui
1202 1189 1311 1270 utique

183 1295 269 1376 prius
292 1293 496 1358 morientibus
521 1298 552 1356 et
570 1293 772 1375 postmodum
792 1294 987 1357 uiuificandis
1007 1294 1177 1358 seminibus
1198 1315 1310 1379 conpa-

183 1401 240 1464 rati
276 1403 365 1475 sunt;
404 1403 435 1464 et
471 1418 529 1463 nou
568 1400 636 1476 hoc,
675 1399 758 1481 quod
788 1400 972 1478 moriuntur,
1004 1401 1035 1463 id
1067 1404 1115 1464 est
1146 1405 1346 1483 tamquamu

183 1506 385 1581 seminantur,
413 1509 582 1588 resurgunt
609 1506 672 1569 scd
701 1505 790 1570 deus
819 1506 871 1569 eis
900 1507 962 1570 dat
990 1526 1122 1589 corpus
1145 1511 1187 1570 ut
1210 1510 1307 1586 uult,

183 1616 218 1674 ut
246 1612 288 1675 sit
315 1611 352 1674 de
380 1612 597 1692 <corruptibili
624 1612 887 1694 in>corruptibile,
917 1613 953 1676 de
983 1613 1105 1677 mortali
1132 1613 1306 1692 inmortale,

181 1717 219 1781 de
243 1717 367 1781 animali
391 1719 540 1799 spiritale,
565 1723 601 1781 ut
624 1718 706 1799 quod
729 1719 838 1782 mortis
862 1718 963 1782 fuerat
985 1719 1160 1784 conditione
1185 1721 1306 1786 decolo-

180 1827 292 1899 ratum,
325 1823 480 1887 inmortali
513 1823 657 1887 decorum
690 1823 868 1905 integritate
900 1824 1053 1890 reddatur.
1087 1829 1119 1888 et
1145 1827 1305 1909 proprium

181 1948 303 2012 corpus,
337 1929 420 1993 sicut
451 1929 693 2012 unumquodque
725 1930 888 2006 seminum,
921 1930 987 1993 sine
1020 1930 1113 1994 dubio
1150 1933 1341 2014 recepturis

182 2038 264 2112 sunt,
293 2036 375 2117 quod
404 2036 476 2116 quie
503 2035 626 2099 diuerso
656 2035 742 2100 serui
769 2037 800 2100 in
829 2056 889 2099 nno
918 2037 1036 2100 semine
1064 2039 1223 2118 conparari
1246 2060 1304 2105 non

181 2144 312 2225 poterat,
336 2161 371 2205 ex
389 2143 539 2206 seminum
561 2141 742 2206 diuersitate
761 2142 917 2206 conlatum
938 2145 995 2220 cst,
1015 2147 1050 2207 ut
1069 2163 1104 2206 ex
1123 2144 1305 2210 diuersitate

180 2247 335 2311 seminum
369 2267 530 2329 corporum
562 2249 734 2330 proprietas
768 2249 957 2332 signaretur3
988 2251 1015 2316 si
1042 2270 1115 2315 uero
1143 2253 1303 2333 proprium

177 2370 289 2435 corpus
321 2352 526 2417 resuscitatus
560 2354 690 2434 quisque
723 2355 883 2435 suscipiet,
916 2355 1126 2420 indubitanter
1159 2360 1208 2421 est
1236 2377 1304 2422 con·

177 2476 320 2540 sequens,
343 2462 380 2522 ut
401 2458 568 2540 unicuique
593 2459 679 2522 serui
698 2478 809 2541 corpus
828 2461 986 2542 proprium
1006 2463 1201 2541 reformetur,
1222 2465 1335 2546 quiam

175 2565 260 2630 siout
297 2565 415 2630 dictum
451 2568 508 2642 est,
547 2569 578 2628 et
609 2566 776 2648 unicuique
809 2568 962 2631 seminum
994 2569 1153 2650 proprium
1187 2589 1298 2653 corpus

174 2671 353 2735 restituitur
389 2670 581 2735 adtributum
619 2675 660 2748 et,
699 2673 725 2736 si
756 2672 923 2753 uuicuique
955 2673 1106 2737 seminum
1139 2676 1298 2756 proprium

176 2794 287 2858 corpus
315 2776 500 2852 restituitur,
529 2796 583 2860 per
611 2797 689 2858 quae
717 2778 825 2858 utique
854 2779 973 2841 semina
998 2779 1029 2841 in
1058 2782 1192 2860 utroque
1226 2799 1298 2844 seru

83 2965 85 2968 y
175 2901 265 2947 omne
301 2901 400 2966 genus
437 2882 599 2947 hominum
636 2882 832 2966 designatum
865 2887 923 2961 est,
957 2885 1107 2966 sequitur,
1140 2890 1178 2949 ut
1210 2905 1297 2950 omne

175 2999 271 3071 'genus
306 2988 487 3063 humanum,
516 2987 601 3072 quod
628 2987 660 3050 in
687 2992 821 3069 utroque
850 2988 1021 3054 seruistis
1051 2992 1099 3053 est
1126 2992 1296 3056 seminibus
1312 3010 1332 3050 u

174 3091 382 3178 designatum,
406 3093 564 3174 proprium
589 3094 631 3156 sit
654 3113 765 3176 corpus
789 3095 977 3159 habiturum.

120 3200 160 3262 81
217 3201 301 3264 Haec
328 3217 385 3263 nos
414 3217 449 3262 er
475 3199 580 3269 uerbis
608 3200 743 3282 apostoli
770 3201 817 3265 las
846 3207 895 3265 est
922 3203 1024 3266 sobria
1051 3203 1296 3268 consideratione

172 3305 285 3383 metiri,
318 3306 400 3370 ultra
432 3305 520 3387 quae
541 3306 810 3387 praeuaricantunr
843 3312 891 3371 est
922 3308 1085 3371 temeraria
1117 3311 1296 3374 curiositate

172 3431 380 3493 prorumpere.
400 3411 627 3494 propterquod
650 3412 744 3475 etiam
768 3432 1013 3478 commonemur:
1039 3414 1177 3479 altiora
1199 3419 1234 3480 te
1257 3433 1294 3478 nc

173 3517 383 3598 quaesieris
412 3520 447 3580 et
474 3517 632 3582 fortiora
660 3521 696 3581 te
720 3536 760 3581 ne
784 3519 901 3582 fueris
926 3522 1131 3598 scrutatus,
1158 3525 1205 3585 et:
1231 3540 1328 3585 nouo

259 3776 293 3828 29
311 3776 393 3830 Eccli.
414 3777 438 3840 3,
458 3777 490 3829 22
545 3778 579 3832 30
598 3779 672 3831 Rom.
694 3779 735 3841 12,
758 3779 789 3832 16

208 3970 239 4022 12
264 3971 429 4051 corruptibili
451 3972 651 4040 incorruptibile
670 3975 708 4026 ol:
733 3975 904 4043 corruptibile
928 3975 953 4026 V
1040 3976 1073 4027 14
1097 3975 1241 4045 dequorunr
1265 3978 1292 4040 l',

170 4073 238 4112 corr.
257 4058 336 4112 Tuder
388 4060 422 4112 26
440 4060 593 4113 habiturum
610 4061 635 4113 Τ
634 4061 701 4115 luel:
720 4062 857 4115 arbitrium
877 4064 906 4127 V,
926 4066 1120 4132 resumpturum
1133 4067 1211 4120 Edit.
1224 4068 1292 4136 repta

170 4146 203 4199 27
222 4146 305 4200 hoco
390 4149 423 4202 28
442 4149 543 4217 ultraq;
567 4148 593 4201 V
661 4151 895 4220 praeuaricaudum
919 4151 949 4216 V,
968 4152 1085 4206 correxi:
1105 4154 1251 4208 cauendum
1269 4152 1293 4205 0²
