2904 4672
168 279 232 344 340
284 275 379 331 diense
397 275 517 346 episcopi
535 274 740 346 constantinop.
757 274 866 330 libellus
883 274 947 330 fidei
965 275 1000 330 ed
1016 274 1173 347 dgspetum

166 477 276 542 thenm
298 475 483 560 parricidam
505 474 660 539 Helorum
682 471 936 554 cognominatum
955 470 1085 554 eiusque
1104 469 1296 567 discipulum

165 581 200 648 'et
238 600 405 665 sequacem
443 581 476 645 in
517 578 661 644 omnihus
701 578 829 642 Petrum
869 575 1111 642 Alexandrinum
1151 575 1297 642 similiter

124 680 419 754 5ccndemnantes.
494 702 676 749 auersamnr
711 685 815 747 autern
848 685 880 747 et
908 682 1108 760 <A>cacinm
1140 682 1295 764 quondam

161 792 528 876 'Constantinopolitanae
542 789 628 855 urhis
642 789 825 873 episcopum
838 788 1068 854 cohaereticum
1083 790 1116 853 et
1129 806 1294 871 sequacem

167 902 279 966 horum
301 900 420 965 factum
443 916 499 962 nec
522 916 582 961 non
605 900 663 968 <et
684 898 920 978 perseuerantes
941 895 974 960 in
997 914 1106 960 eornm
1124 896 1293 984 communi·
1319 919 1331 960 s

168 1024 225 1071 one
232 1017 250 1084 >
286 1008 319 1071 at
353 1003 600 1088 participatione.
635 1021 768 1084 quornm
808 1002 892 1066 enim
932 1001 1002 1085 quis
1043 987 1293 1067 communionem

166 1111 375 1196 amplectitur,
402 1129 509 1174 eornm
536 1111 569 1172 et
594 1108 731 1172 similem
759 1108 945 1172 sententiam
975 1108 1007 1173 in
1039 1107 1292 1173 condemnatione

164 1216 378 1300 consequitur.
394 1215 491 1280 simili
506 1213 598 1305 modo
612 1215 644 1279 ot
655 1212 786 1278 Petrum
803 1212 1033 1307 Antiochenam
1051 1213 1292 1279 condemnamus

123 1316 142 1379 6
166 1343 238 1389 cnm
255 1321 444 1404 sequacibus
462 1320 529 1386 suis
552 1323 585 1385 et
607 1319 751 1384 omnihus
775 1318 1027 1402 suprascriptis.
1096 1323 1291 1403 quapropter,

119 1437 122 1444 '
165 1430 249 1495 siout
265 1427 397 1512 praefati
416 1445 537 1504 sumus,
553 1428 720 1507 sequentes
738 1425 770 1489 in
790 1424 932 1490 omnibns
951 1424 1056 1490 sedem
1075 1424 1290 1509 apostolicam,
1306 1451 1329 1492 ro

165 1553 244 1618 quae
280 1534 318 1598 eh
352 1552 389 1598 ee
424 1535 544 1598 statute
579 1535 663 1610 sunt,
699 1532 915 1615 praedicemus
953 1535 985 1598 et
1019 1532 1203 1615 profitemur
1232 1533 1292 1598 ieta

163 1642 350 1706 inconcusse
387 1638 505 1704 seruari
540 1642 572 1703 et
606 1638 801 1721 compellere,
838 1641 875 1704 nt
904 1637 991 1703 iuxta
1019 1641 1161 1704 tenorem
1192 1639 1291 1705 libelli

163 1745 257 1811 istius
273 1764 380 1811 omnes
395 1744 511 1810 iaciant
524 1744 673 1827 episcopi,
691 1748 729 1809 ut
746 1744 936 1810 sanctissimi
955 1744 1080 1828 quidem
1099 1745 1291 1829 patriarchas

165 1851 203 1916 ad
226 1854 366 1916 uestram
387 1851 504 1916 faciant
526 1850 734 1928 sanctitatem,
757 1847 988 1934 metropolitani
1009 1869 1084 1916 uero
1106 1851 1291 1934 patriarchis

165 1960 198 2022 et
228 1957 281 2023 alii
312 1959 351 2022 ut
381 1956 447 2022 suis
478 1956 595 2021 facient
626 1957 885 2039 metropolitanis,
917 1960 1070 2040 quatenns
1102 1977 1160 2040 per
1190 1957 1292 2023 omnia
1306 1980 1328 2021 ιι

121 2059 138 2122 7
164 2065 272 2128 sancta
294 2061 449 2127 catholica
470 2063 577 2126 nostra
599 2061 732 2125 ecclesia
754 2079 842 2125 suam
865 2061 980 2126 haheat
999 2061 1191 2127 firmitatem.
1253 2082 1290 2127 nr

163 2187 240 2232 snm
265 2187 366 2232 nun:
395 2167 553 2232 Diuinitas
580 2170 611 2232 te
639 2170 745 2232 seruet
770 2188 825 2250 per
851 2169 968 2234 multos
996 2187 1103 2247 annos,
1127 2171 1235 2239 sancte
1256 2187 1291 2233 ac

163 2273 401 2357 religiosissime
424 2276 521 2356 pater.
588 2273 660 2338 Dat.
683 2273 783 2338 XVll.
802 2274 1014 2339 Kalendarum
1035 2274 1193 2367 Aprilium
1216 2274 1291 2341 (ion-

163 2379 366 2463 stantinopoli
387 2399 418 2462 p.
442 2397 468 2443 c.
491 2378 625 2444 Belisaai
647 2399 678 2444 u.
703 2398 729 2444 c.

162 2694 321 2739 amintas
346 2694 463 2739 LIBELLI
488 2695 593 2740 IOENAE
620 2695 809 2741 Passerinum
836 2697 875 2742 ΕΤ
906 2697 1059 2743 ΧΕΝΟΒΟΟΙ
1091 2680 1144 2754 QUI
1174 2699 1291 2745 FACTVS

162 2799 217 2845 LS'I
244 2799 409 2845 muscosus
441 2800 824 2848 CONSTANTINOPOLI'IANUS
850 2803 905 2848 SUB
932 2803 985 2847 DIE
1012 2802 1058 2848 111.
1086 2803 1130 2848 11).
1158 2804 1291 2850 nanus

302 2906 413 2951 I'IERUII
435 2906 509 2952 Posi
534 2907 730 2953 constiturus
752 2908 880 2953 PAULINI
901 2909 931 2953 11.
955 2908 983 2955 0.
1007 2908 1154 2955 lemanna.

204 3009 311 3074 Prima
333 3012 419 3075 salus
443 3012 492 3075 est
513 3014 616 3076 rectae
639 3010 712 3076 fidei
734 3013 876 3096 regulam
899 3012 1057 3077 custodire
1081 3016 1113 3078 et
1130 3033 1149 3078 a
1166 3017 1291 3098 patrum

161 3114 328 3181 traditione
356 3116 535 3182 nullatenus
564 3117 698 3195 deniare,
727 3118 800 3199 quia
826 3135 887 3182 non
913 3120 1020 3202 potest
1046 3118 1166 3184 domini
1192 3121 1291 3186 nostri
1306 3149 1328 3188 ιι

72 3225 75 3231 “
162 3220 235 3284 Iesu
255 3219 373 3286 Christi
389 3223 595 3304 praetermitti
613 3223 766 3288 sententia
784 3223 931 3288 dicentis:
955 3227 997 3288 tn
1020 3243 1059 3315 es
1082 3225 1229 3292 Petrus
1253 3229 1290 3291 et

162 3345 281 3409 super
312 3327 409 3392 hanc
446 3331 598 3410 petram
635 3329 864 3395 aedificabo
902 3330 1119 3395 ecelesiam
1157 3351 1287 3400 meam.

250 3516 284 3570 26
301 3516 398 3573 Matth.
418 3518 459 3579 16,
481 3517 513 3570 18

199 3638 381 3708 lpemcidam
404 3638 435 3702 V,
455 3655 523 3695 corr.
542 3639 569 3690 ο2
605 3641 741 3695 descium
764 3642 795 3707 V,
815 3646 916 3698 cerco
954 3645 1017 3698 het
1033 3661 1139 3714 persen.
1158 3647 1287 3702 incorum

161 3727 345 3780 communione
360 3727 459 3781 addidi
472 3745 504 3783 cx
517 3745 557 3797 ep.
573 3732 611 3782 90
624 3729 644 3800 ἕ
660 3732 677 3782 5
690 3731 728 3801 (p.
745 3734 813 3798 342,
828 3731 853 3802 7)
890 3735 906 3788 6
919 3733 1125 3803 participatione
1140 3735 1173 3802 V,
1187 3739 1288 3792 comesi

158 3814 195 3867 '18
209 3812 461 3885 Constantinopolin
483 3816 514 3881 V,
533 3833 600 3871 corr.
622 3818 685 3873 Car.
741 3821 773 3873 19
790 3821 900 3874 Bilisari
922 3821 948 3874 V

195 3901 246 3955 90.
300 3903 369 3958 Dat.
386 3904 476 3958 mmuh
495 3921 554 3959 cuae
572 3923 611 3974 ep.
632 3911 670 3962 89
688 3908 731 3962 die
748 3912 784 3964 16
797 3909 888 3968 Mart.
911 3912 976 3963 536.
1029 3911 1084 3965 Ed.
1102 3912 1196 3978 Pitra,
1213 3915 1288 3968 Iuris

160 3989 219 4044 eccl.
237 3990 333 4044 Graec.
351 3992 445 4046 histor.
464 3999 489 4047 et
505 4010 622 4049 monum.
637 3996 676 4049 II
685 4000 754 4064 217;
771 3997 814 4050 nil
831 3998 887 4051 nisi
903 3999 1002 4052 altimo
1018 3999 1105 4054 ambe
1122 4001 1189 4056 inde
1206 4002 1287 4074 affl

160 4078 252 4131 Menas
274 4079 456 4135 misericordia
480 4082 570 4150 adfert
591 4083 660 4137 Bar.
684 4085 729 4139 ad.
754 4103 780 4139 o.
801 4089 867 4151 536,
886 4090 934 4142 26.
1024 4089 1056 4142 21
1076 4089 1236 4146 Xenodocns
1257 4091 1285 4154 V.

161 4167 279 4220 correct:
295 4168 444 4224 xenodochi
462 4169 489 4221 ιι2
541 4172 576 4226 24
593 4174 713 4227 recteV
765 4175 798 4228 26
818 4174 936 4230 dicentes
959 4176 992 4241 V,
1010 4192 1112 4232 cocao
