2904 4672
181 250 245 314 240
451 249 544 320 Uigilii
563 244 740 306 constitutum
759 251 792 305 de
809 251 896 305 tribue
915 252 1040 322 capitulis

180 469 265 525 qnam
289 457 375 513 antea
396 453 498 512 statuit
519 451 635 527 probis
654 467 727 525 quae
746 446 882 525 euentura
900 454 991 524 erant,
1011 453 1040 510 et
1057 451 1133 512 bona
1149 452 1311 524 uoluntate,

180 559 264 615 qnam
288 543 363 602 circa
387 559 451 600 enm
472 542 609 613 babebat,
633 539 669 599 ab
692 539 775 599 initio
797 540 930 599 similiter
946 541 1040 599 inerat
1057 539 1092 612 ei,
1112 541 1311 615 perordinem

47 665 53 673 ·
110 681 111 684 ,
181 633 275 690 autem
300 631 355 690 sibi
378 630 515 706 placitum
539 629 576 688 ad
598 629 803 703 perfectionem
826 629 949 689 ducebat
970 628 1073 704 ipsum.
1364 631 1366 637 ’

127 739 169 802 38
225 751 260 814 In
288 748 535 832 suprascriptis
563 747 699 812 secundo
728 749 760 811 et
786 747 879 811 tertio
911 748 1058 830 capitulis
1089 748 1150 815 hoc
1182 749 1312 816 uidetur

178 856 288 934 astrui,
316 854 390 937 quia
417 855 494 920 deus
522 854 653 918 uerbum
680 852 801 917 homini
831 853 985 936 plasmato
1016 853 1117 919 inerat
1148 858 1310 938 tamquam
1337 880 1350 920 e

178 962 257 1025 alter
282 961 313 1026 in
341 961 449 1025 altero.
480 959 609 1025 dicendo
637 959 730 1035 enim,
760 960 795 1022 ut
825 959 1039 1042 particulatim
1071 959 1309 1043 dispensationi,

178 1086 257 1150 quae
289 1067 372 1132 circa
403 1085 475 1131 eum
508 1068 582 1143 erat,
616 1065 755 1129 ordinem
788 1064 947 1130 uideretur
977 1065 1135 1150 imponere
1166 1070 1200 1132 et
1239 1087 1309 1133 eum

175 1175 303 1256 propter
335 1173 450 1238 bonam
486 1172 694 1248 uoluntatem,
731 1175 825 1253 quam
862 1170 943 1235 circa
974 1171 1078 1254 ipsum
1110 1173 1248 1238 habebat
1279 1178 1330 1254 et,

175 1278 354 1361 praestabat
382 1278 410 1341 ei
438 1277 491 1359 qui
520 1278 706 1358 adsumptus
735 1279 793 1354 est,
822 1276 861 1339 ad
892 1280 1076 1359 prouectum
1107 1277 1309 1362 perfectionis

176 1383 340 1461 adducere,
368 1384 485 1448 talibus
513 1384 620 1448 uerbis
649 1384 785 1449 dualitas
812 1402 1012 1467 personarum
1038 1384 1069 1449 in
1096 1404 1158 1450 uno
1182 1385 1308 1452 domino
1326 1414 1350 1454 n

66 1557 68 1562 ,
117 1533 120 1538 -
176 1510 211 1555 ac
239 1490 296 1556 deo
331 1494 437 1556 nostro
470 1491 543 1555 Iesu
576 1489 701 1556 Christo
739 1489 951 1555 execrabiliter
982 1489 1108 1555 uidetur
1139 1491 1248 1556 induci
1279 1495 1311 1558 et

174 1599 336 1677 tamquam
373 1596 546 1677 quemlibet
581 1596 739 1661 hominem
775 1594 827 1660 dei
862 1594 951 1660 uerbi
987 1596 1089 1681 gratia
1117 1616 1173 1680 per
1206 1598 1309 1680 spatia

175 1703 354 1782 temporum
380 1701 551 1783 profecisse
578 1700 722 1783 ideoque,
752 1700 941 1783 quicumque
970 1720 1005 1767 eo
1032 1702 1197 1767 intellectu
1227 1703 1310 1787 sapit

176 1806 269 1871 docet
292 1806 390 1871 credit
412 1809 467 1871 aut
488 1807 657 1889 praedicat,
682 1807 848 1872 anathema
871 1807 921 1871 sit.

121 1993 163 2057 39
615 2002 777 2077 capitulum
799 2003 869 2063 HII.
1325 2031 1351 2076 η

218 2127 304 2186 Suam
324 2129 429 2188 antem
462 2127 695 2201 cooperationem
724 2127 761 2184 ad
787 2127 936 2201 proposita
963 2143 1050 2202 opera
1074 2129 1248 2202 praestabat
1265 2129 1306 2188 bi’
1347 2156 1351 2160 ·

63 2271 65 2274 .
175 2213 225 2289 qni
250 2209 419 2288 adsumptus
448 2217 507 2274 est:
535 2215 585 2274 ubi
612 2216 666 2275 hoc
693 2215 764 2274 facit
790 2217 820 2274 in
846 2217 909 2275 loco
933 2208 1034 2276 senens
1056 2216 1146 2275 fuisse
1169 2217 1306 2276 deitatem

174 2303 227 2374 illi,
251 2303 301 2378 qni
322 2303 492 2378 adsumptus
516 2307 580 2364 est?
604 2321 656 2362 nec
675 2304 750 2362 enim
770 2305 822 2376 eis,
842 2304 1066 2380 quibuscumque
1085 2322 1165 2364 suam
1184 2306 1308 2366 donauit

175 2391 416 2471 cooperationem,
444 2408 546 2452 sensns
572 2391 665 2466 locum
693 2392 753 2451 illis
776 2396 794 2465 †
817 2392 980 2466 obtinebat;
1004 2394 1030 2452 ei
1052 2396 1147 2452 antem
1167 2396 1200 2452 et
1222 2395 1310 2456 modo

24 2470 40 2536 J
137 2496 138 2499 ¹
175 2480 357 2555 praecipuam
377 2481 518 2555 quandam
540 2481 767 2555 cooperationem
786 2481 906 2541 donauit
923 2480 975 2553 illi,
995 2481 1046 2556 qni
1063 2477 1235 2556 adsumptus
1249 2486 1303 2555 ost,
1321 2505 1347 2548 ro

122 2559 164 2623 40
174 2586 233 2629 non
255 2570 311 2628 boc
332 2569 458 2628 faciebat
479 2570 572 2629 locum
597 2558 699 2629 sensus
723 2567 858 2629 deitatem
881 2570 1020 2645 optinere.
1088 2570 1139 2631 sed
1161 2570 1187 2630 si
1211 2571 1306 2631 deitas

23 2665 24 2668 ’
109 2713 110 2719 ,
173 2675 225 2732 pro
258 2675 344 2716 sonan
372 2656 461 2716 fiebat
482 2657 534 2728 illi,
559 2658 607 2731 qui
630 2658 798 2732 adsumptus
822 2661 875 2728 est,
899 2660 1054 2719 secundum
1076 2661 1174 2718 uestra
1195 2661 1302 2730 narba:

175 2746 316 2820 quomodo
343 2745 473 2805 timorem
499 2746 531 2804 in
547 2746 699 2819 'passione‘
719 2746 914 2820 suscipiebat?
942 2747 1011 2822 qnid
1042 2747 1304 2808 uehementioribus

175 2833 354 2894 orationibus
372 2835 409 2893 ad
425 2834 612 2894 inminentem
630 2834 830 2894 necessitatem
849 2835 1007 2909 indigebat,
1027 2853 1098 2910 quas
1117 2853 1181 2896 cum
1198 2854 1305 2912 magna

174 2923 289 2997 quidem
316 2925 345 2981 et
371 2925 496 2983 clamosa
521 2940 601 2995 uoce,
630 2941 694 2982 cum
720 2923 851 2997 plurimis
878 2928 973 2983 autem
996 2924 1121 2984 lacrimis
1144 2926 1301 2984 secundum
1319 2947 1346 2988 aa

174 3012 289 3070 beatum
316 3012 436 3070 Paulum
463 3012 606 3071 referebat
632 3014 707 3072 deo?
735 3014 876 3086 quomodo
903 3010 1004 3072 timore
1031 3015 1110 3072 tanto
1139 3014 1301 3085 tenebatur,

174 3102 207 3158 ut
234 3118 267 3158 ex
294 3100 425 3163 inmensa
451 3101 645 3175 trepidatione„
669 3101 764 3160 fontes
792 3101 905 3160 sudoris
937 3101 1093 3162 dimitteret
1118 3103 1304 3177 ‘euangelista

175 3192 272 3262 aperte
299 3188 420 3260 dicente,
451 3189 526 3263 quod
553 3189 647 3264 globis
675 3189 825 3264 sanguinis
852 3189 953 3249 similis
975 3191 1063 3250 sudor
1085 3192 1301 3263 descendebat?

97 3277 99 3280 '
122 3265 244 3352 liquid
271 3283 366 3343 autem
394 3280 424 3336 et
451 3278 546 3351 angeli
574 3279 701 3360 aduentu
724 3281 753 3337 et
774 3278 939 3338 uisitatione
964 3281 1067 3354 egebat
1088 3279 1212 3339 animam
1236 3281 1301 3339 refi-

176 3366 278 3425 cientis
301 3367 330 3424 in
355 3365 545 3440 experimento
569 3367 718 3437 malorum,
743 3367 930 3426 confortantis
953 3368 1014 3426 eins
1036 3367 1224 3440 alacritatem,
1253 3386 1301 3429 er·
1317 3390 1342 3430 ao

265 3588 296 3642 15
316 3584 380 3657 cap.
398 3587 454 3641 1111
473 3613 506 3634 =
525 3589 583 3644 nce.
608 3589 671 3659 syn.
695 3590 720 3654 4,
744 3561 791 3642 aar
814 3589 869 3643 ‘aa
891 3589 979 3643 rocoa
1002 3588 1079 3643 zoora·
1100 3590 1146 3654 (sc.
1166 3587 1299 3646 rneooorr
1320 3629 1321 3632 κ

173 3676 254 3729 tertio
274 3679 368 3729 contra
385 3675 591 3745 Apollinarium)
610 3677 753 3747 praeponit
769 3677 792 3730 0
826 3677 859 3730 26
878 3676 957 3730 Hebr.
976 3679 1001 3741 5,
1017 3677 1032 3730 7
1068 3677 1102 3730 28
1121 3677 1184 3734 Luc.
1203 3677 1246 3743 22,
1264 3679 1299 3732 44

210 3800 224 3851 7
243 3799 393 3867 imponeret
415 3797 447 3862 V,
466 3814 532 3853 corr.
553 3797 580 3849 ο2
626 3801 658 3853 19
676 3799 731 3854 illis
750 3798 818 3866 1⁷0¹,
836 3799 878 3852 illi
895 3797 980 3853 0²0³.-
996 3805 1137 3870 utramque
1148 3805 1181 3853 nt
1190 3800 1301 3855 uidetur

174 3892 337 3956 corruptam,
360 3887 408 3941 aad
432 3888 488 3940 eius
514 3888 587 3955 qnod
608 3888 691 3957 scalpo
715 3888 844 3942 scribitur
862 3887 950 3956 plane
963 3904 1121 3957 paramum
1137 3887 1223 3955 infert
1238 3904 1296 3942 aan-

173 3967 293 4029 tentiam.
312 3975 431 4043 fortasse
447 3977 504 4029 iam
524 3963 634 4030 Graeca
650 3976 736 4029 crerba
754 3973 909 4045 corruptela
921 3977 1076 4045 deprauata
1090 3982 1171 4031 erant
1204 3976 1239 4031 26
1253 3975 1297 4030 de·

172 4062 359 4117 timebatur&
444 4063 478 4117 28
501 4064 617 4117 sirnililia
644 4062 685 4130 0²,
710 4080 760 4118 om.
782 4062 815 4118 0¹
903 4065 937 4118 29
960 4069 987 4118 et
1012 4065 1182 4135 ante-angeli
1202 4081 1253 4119 om.
1275 4064 1300 4118 V

173 4152 262 4206 anima
283 4151 323 4217 0¹,
343 4169 393 4207 om.
415 4151 449 4206 0²
501 4155 535 4209 30
554 4153 735 4208 confortantes
759 4151 784 4205 V
852 4155 997 4207 excitantes
1020 4153 1046 4207 V
