2904 4672
569 275 653 345 Epist.
673 277 808 331 LXXXIII
827 279 937 334 ets-80.
1254 287 1314 349 251

194 477 288 550 ipsum
316 475 459 535 dominum
488 478 516 533 et
543 476 628 533 deum
653 475 751 534 dioerrs
773 476 841 548 (nou
865 475 938 535 enim
962 479 1176 538 resurrectionis
1200 479 1320 538 seientia

195 566 316 624 docebat
339 568 368 623 et
389 567 471 623 doum
495 581 557 622 esse
581 581 643 622 eum
667 565 716 638 qui
738 566 908 639 resurrexit),
933 568 983 625 sed
1007 568 1088 640 quasi
1111 585 1161 641 pro
1183 568 1318 627 miroonlo
1367 629 1369 633 ,

194 653 272 713 19919
296 655 379 712 doum
402 654 563 713 conlaudat.

240 773 275 836 In
294 771 520 855 suprascripto
541 771 761 836 sextodecimo
782 772 918 855 capitulo
938 773 975 838 de
993 773 1047 839 illo
1066 775 1134 839 looo
1155 775 1320 860 euangelii,
1332 775 1372 840 77

163 879 251 943 subi
278 879 411 943 Thomas
440 880 600 960 apostolus
631 879 761 960 palpans
796 879 909 943 fixuras
947 881 1117 951 olauomm.
1138 880 1229 944 dixit:
1261 880 1320 945 do-

196 984 325 1049 minus
363 1003 471 1048 meus
508 987 546 1048 et
583 985 678 1049 deus
716 1004 840 1062 meus,
874 986 1036 1062 asseritur,
1070 985 1153 1066 quod
1185 985 1321 1050 Thomas

197 1091 356 1172 apostolus
379 1108 440 1155 non
462 1090 566 1172 ipsum
588 1091 694 1155 Iesum
718 1089 875 1155 Christum
899 1090 1057 1155 dominum
1081 1090 1233 1173 deumque
1252 1111 1322 1156 oon·

196 1197 299 1261 fessus
322 1196 374 1274 sit,
399 1197 471 1278 quie
489 1196 727 1261 xresurrectionis
760 1196 889 1261 seientia
920 1216 979 1261 non
1012 1196 1139 1274 doceret
1166 1198 1219 1261 uel
1250 1197 1323 1278 quia

197 1301 275 1366 deus
303 1305 387 1368 esset
416 1303 468 1384 qui
491 1303 666 1380 resurrexit,
691 1303 746 1367 sed
769 1302 842 1384 quia
864 1303 964 1386 magis
987 1323 1042 1385 pro
1067 1302 1215 1367 miraculo
1238 1303 1322 1368 facto

153 1424 178 1463 10
197 1407 332 1472 Thomas
361 1409 520 1489 apostolus
549 1409 642 1472 deum
668 1408 852 1475 laudauerit.
887 1409 913 1474 si
946 1409 1015 1491 quis
1042 1409 1139 1492 igitur
1169 1409 1246 1473 haee
1278 1408 1323 1472 ita

199 1514 281 1596 sapit
304 1513 395 1578 dooet
418 1515 515 1578 eredit
537 1518 592 1578 aut
613 1514 772 1597 praedicat
790 1519 821 1579 et
839 1534 898 1579 non
916 1516 1022 1597 potius
1045 1515 1182 1579 Thomas
1206 1513 1323 1579 oonfes·

199 1619 284 1685 sione
313 1622 344 1684 et
371 1640 480 1684 uerum
509 1621 602 1684 deum
625 1640 694 1685 esse
716 1622 820 1685 Iesum
846 1621 1005 1687 Christum
1029 1624 1060 1684 91
1081 1621 1112 1684 in
1136 1640 1210 1685 uera
1233 1639 1323 1684 earne

199 1744 270 1788 eum
293 1727 504 1791 resurremsso
521 1727 710 1793 declaratum
734 1727 840 1805 eredit,
865 1727 1030 1792 anathema
1052 1728 1103 1791 sit.

626 1922 786 1996 Capitulum
808 1923 899 1983 XVII.
1335 1927 1377 1990 78

155 2061 180 2102 1⁵
243 2045 295 2103 1119
325 2047 418 2103 autem
447 2044 517 2102 dixit
544 2047 670 2118 oportere
698 2044 901 2118 paenitentiam
929 2048 1046 2118 agentes
1073 2062 1122 2104 eos
1148 2062 1198 2118 pro
1231 2043 1322 2104 oruois

202 2133 352 2207 iniquitate
376 2136 404 2191 et
427 2135 614 2206 agnoscentes
637 2133 806 2193 saluatorem
830 2136 858 2191 et
876 2134 1018 2192 dominum
1038 2136 1066 2192 et
1084 2133 1207 2202 omnium
1225 2137 1323 2192 auoto-

204 2239 263 2280 rem
289 2223 428 2281 honorum
453 2223 549 2281 Iesum
578 2221 728 2292 Christum,
747 2222 890 2295 'quoniam
910 2225 1031 2296 propter
1056 2222 1113 2280 ista
1138 2222 1268 2296 peruenit
1297 2224 1326 2279 et

205 2311 372 2384 adsumptus
399 2312 443 2369 991
465 2312 499 2369 de
523 2310 621 2369 diuina
641 2314 751 2379 natura,
775 2311 804 2368 in
827 2311 919 2384 ipsum
942 2311 1026 2368 fidem
1048 2311 1191 2384 suscipere
1214 2313 1243 2369 et
1264 2311 1325 2368 eius

206 2399 359 2474 discipulos
387 2399 456 2468 fieri,
485 2401 550 2457 ante
579 2399 673 2457 omnia
701 2404 794 2458 autem
823 2401 858 2457 ad
885 2399 1028 2472 baptisma
1050 2399 1227 2470 accedentes,
1251 2398 1325 2472 qnod

159 2505 186 2544 20
207 2490 235 2546 et
260 2487 321 2562 ipse
349 2488 466 2546 tradidit
487 2488 580 2560 nobis,
604 2488 867 2560 praeformationem
887 2488 1008 2561 ‘quidem
1026 2488 1136 2546 habens
1158 2487 1327 2562 sperationis

206 2576 373 2656 iuturomm,
403 2576 431 2633 in
459 2577 571 2635 nomine
600 2580 692 2634 autern
721 2569 920 2635 celebrandum
946 2577 1035 2650 patris
1063 2577 1163 2635 attilii
1186 2575 1328 2637 etsanoti

207 2659 332 2738 spiritus
398 2665 452 2724 hoe
476 2664 558 2733 enim,
590 2666 665 2738 quod
693 2668 736 2722 991
763 2667 801 2722 nt
826 2665 1044 2738 baptizetur
1071 2665 1380 2739 unusquisque79

206 2753 243 2810 in
270 2753 414 2811 nomine
437 2754 520 2811 Iesu
545 2753 704 2822 Christi,
729 2771 785 2811 non
807 2753 861 2812 hoo
884 2755 961 2824 dicit,
986 2758 1018 2812 ut
1039 2754 1226 2824 uooatIonem,
1256 2771 1328 2832 qnae

206 2841 236 2899 iu
263 2842 377 2900 nomine
403 2841 493 2916 patris
517 2841 617 2900 attilii
639 2844 667 2899 et
689 2841 781 2900 saneti
804 2842 919 2916 spiritus
941 2846 994 2912 est,
1019 2843 1211 2917 relinquentes
1233 2844 1328 2901 Iesum

158 2950 187 2991 ²5
207 2930 349 2989 Christum
371 2929 400 2988 in
422 2930 593 3004 baptismate
611 2933 723 3000 uooent,
743 2932 793 2988 sed
812 2931 894 3004 quale
914 2934 957 2990 ost
974 2931 1037 3003 hoo,
1058 2932 1132 3005 qnod
1150 2931 1186 2988 in
1204 2932 1328 2989 Mosen

206 3019 395 3092 baptizati
422 3022 508 3080 sunt
534 3019 569 3076 in
596 3020 694 3076 nube
722 3021 757 3077 et
782 3018 819 3076 in
846 3020 951 3089 mari,
980 3023 1012 3077 ut
1038 3020 1152 3088 dioeret‚
1182 3019 1248 3092 quia
1275 3020 1328 3077 snb

206 3108 282 3165 nube
311 3110 339 3165 et
364 3107 434 3165 mari
461 3108 663 3181 Aegyptiorum
690 3108 813 3180 separati
843 3113 910 3166 sunt
930 3108 1042 3166 liberati
1065 3125 1160 3167 eorum
1183 3107 1328 3178 seruitute,

207 3199 240 3254 ut
257 3197 353 3254 Mosae
370 3197 450 3269 leges
469 3197 662 3265 adtenderent,
682 3196 738 3254 1919
763 3200 806 3253 991
827 3199 866 3254 ut
887 3197 1105 3269 baptizetur
1127 3196 1328 3270 unusquis-

207 3303 275 3358 que
299 3285 334 3342 in
356 3284 503 3342 nomIne
527 3286 615 3343 iesu
639 3285 799 3355 Christi,
823 3289 855 3342 ut
878 3302 940 3343 oum
964 3286 1115 3359 adipsum
1142 3285 1383 3352 999999199911180

299 3540 332 3593 14
351 3538 413 3608 Cap.
432 3539 507 3592 XVII
526 3563 559 3584 =
578 3537 638 3592 Aot'.
662 3539 724 3608 Syn.
749 3541 781 3593 16
805 3538 953 3608 (‘Eiasdem
980 3539 1113 3594 Theodori
1135 3555 1168 3592 ea
1185 3545 1330 3594 oonrmeato

207 3628 281 3698 quod
301 3629 386 3680 estio
404 3627 489 3680 Actus
507 3627 690 3695 apostotorum
709 3627 777 3681 libro
791 3627 898 3695 primo.
910 3629 924 3682 .'
948 3626 985 3694 0)
1022 3627 1056 3680 22
1076 3624 1103 3680 91
1121 3628 1155 3682 28
1173 3627 1232 3682 not.
1252 3629 1277 3690 2,
1297 3627 1331 3681 38

208 3715 243 3768 25
263 3713 320 3768 Cor.
340 3714 353 3766 1
373 3715 413 3776 10,
433 3714 449 3765 2

245 3847 426 3950 511119199ῑῖ
469 3882 541 3935 8911
559 3881 675 3935 Hartel:
694 3882 730 3935 sit
748 3881 820 3934 etV
875 3882 1011 3936 scientiam
1035 3881 1067 3947 V,
1087 3881 1191 3936 correxi
1240 3881 1332 3934 151119

209 3973 298 4024 autem
313 3968 407 4027 ..252
422 3969 438 4021 6
452 3969 638 4023 iudicauerunt
657 3970 771 4038 apostoli
791 3971 880 4037 adfert
898 3971 1029 4039 Pelopiae
1048 3970 1065 4024 I.
1084 3985 1104 4024 e.
1128 3973 1185 4022 443
1253 3970 1284 4022 16
1304 3972 1334 4022 et

209 4058 327 4111 omnium
345 4057 488 4126 CPetuy..·
507 4058 622 4110 omnium
638 4057 663 4110 V
700 4059 733 4110 25
748 4074 840 4110 mosen
855 4058 892 4111 V:
905 4074 1013 4127 moysen
1031 4056 1071 4122 0²,
1087 4073 1176 4126 moyse
1193 4055 1225 4109 01
1238 4057 1331 4125 Peleo.

212 4172 333 4242 Vuiyata
374 4139 498 4240 itinubIt
518 4172 544 4225 V
583 4172 616 4224 28
634 4189 724 4225 mosae
746 4171 786 4236 0²,
805 4189 877 4226 mose
903 4173 938 4225 V:
954 4174 1039 4242 moysi
1061 4173 1101 4233 0¹,
1120 4172 1220 4241 Moysis
1237 4171 1331 4238 Peloqy.
