2904 4672
164 237 224 302 174
417 231 459 286 Ad
478 233 587 286 Petrum
604 232 745 286 Fullonem
765 231 896 302 epistulae
914 231 1019 302 spuriae

160 428 248 504 mihi,
268 426 422 510 quomedo
437 427 544 492 unitus
558 429 647 511 pater
665 425 799 491 attilius
818 429 850 491 at
868 425 996 510 spiritus
1016 429 1145 492 sanatus
1164 426 1287 492 dicatur

160 533 293 610 trinitas,
311 552 398 605 ‚aum
429 551 510 598 unus
543 532 586 598 sit
616 532 703 610 deus,
736 532 764 596 si
794 551 856 598 non
888 531 1024 615 suscipis
1055 532 1087 597 in
1122 552 1185 598 uno
1221 532 1286 598 filio

162 639 328 706 dicendum
352 638 429 704 duas
452 640 588 704 naturus.
613 641 646 704 et
668 638 696 703 si
713 637 836 703 trinitas
855 656 937 702 unus
956 640 1006 703 est
1022 637 1110 717 dens,
1130 638 1286 722 quomode

161 747 238 811 deus
269 746 400 811 uerbum
432 748 464 810 et
493 747 635 811 nostrum
667 762 778 828 eorpus
811 745 840 810 ei
866 745 990 810 unitum
1017 764 1078 812 non
1104 744 1200 810 debet
1225 744 1287 809 diei

161 870 243 917 unna
273 851 357 917 fflius
389 851 422 916 in
454 851 575 925 duabus
607 851 750 916 naturis?
783 851 811 915 si
842 854 947 917 autem
979 870 1042 916 una
1072 853 1182 916 natura
1210 850 1287 915 deus
1312 872 1330 912 -ο

161 957 293 1023 uerbum
316 959 349 1023 et
371 976 452 1034 earo,
475 960 594 1022 aenum
618 959 676 1035 est,
700 957 773 1040 quia
791 976 977 1023 conuersum
995 957 1127 1023 uerbum
1144 957 1208 1021 iam
1226 975 1286 1023 non

162 1066 212 1128 est
233 1063 364 1128 uerbum
387 1062 443 1128 sad
465 1081 535 1128 earo
559 1065 600 1140 et,
624 1064 698 1136 (si)
719 1081 788 1128 aare
808 1081 959 1130 conuersa
975 1063 1059 1129 faeta
1076 1064 1126 1129 est
1143 1062 1287 1139 uerbum,

163 1167 257 1233 etiam
279 1187 340 1233 non
363 1167 422 1233 erit
444 1185 531 1244 aar03
554 1167 582 1232 si
604 1169 709 1233 autem
731 1167 763 1231 in
786 1167 835 1232 his
859 1187 919 1233 non
943 1171 992 1234 est
1008 1167 1093 1233 faeta
1110 1167 1286 1241 conuersis,

164 1272 320 1358 quomodo
346 1291 407 1339 non
435 1273 510 1339 snut
530 1271 562 1336 in
586 1271 711 1338 Christo
736 1272 814 1336 dnae
836 1274 988 1337 naturae?
1011 1291 1081 1339 earo
1106 1272 1189 1337 enim
1212 1275 1285 1337 οοοό

164 1382 223 1458 est,
248 1379 325 1445 lieet
351 1377 402 1444 dei
429 1377 472 1443 sit
494 1396 574 1457 earo,
599 1380 631 1444 et
652 1378 784 1443 uerbum
807 1379 938 1443 uerbum
961 1381 1019 1458 est,
1041 1378 1118 1443 lieet
1140 1378 1288 1461 adsump
1305 1402 1328 1442 n

121 1483 140 1548 7
164 1484 241 1550 serit
266 1486 404 1551 nostrum
431 1502 564 1550 carnem.
632 1483 659 1548 si
681 1502 756 1549 nero
780 1501 932 1550 conuersa
953 1487 1011 1564 est,
1035 1484 1192 1568 quomado
1216 1502 1287 1550 anre

163 1609 224 1656 non
251 1592 301 1655 est
326 1587 601 1656 consubstantialis
629 1591 662 1654 et
688 1591 851 1655 coaeterna
871 1590 953 1673 patri
975 1589 1059 1655 sieut
1079 1588 1237 1654 uerbum?
1260 1589 1289 1653 si

164 1698 269 1762 antem
292 1684 420 1761 alterins
444 1695 596 1760 essentiae
619 1697 669 1760 est
691 1713 760 1761 aare
783 1713 876 1778 quam
895 1697 992 1779 pater,
1012 1695 1186 1762 seeundum
1203 1695 1289 1779 qnod

164 1803 241 1868 haee
267 1801 395 1886 quidem
416 1819 533 1878 reeens,
556 1802 644 1885 pater
666 1803 772 1866 autem
795 1801 863 1867 sine
886 1804 1025 1884 tempore
1048 1804 1107 1877 est,
1131 1801 1288 1885 quomedo

153 1926 225 1974 ‘non
248 1909 298 1973 est
313 1925 421 1972 reeens
440 1909 472 1972 et
489 1907 631 1983 uerbum,
651 1907 825 1973 secundum
843 1907 927 1990 quod
944 1926 1038 1972 unam
1055 1910 1198 1972 naturam
1217 1924 1287 1973 esse
1307 1931 1330 1973 na

164 2012 264 2079 cannis
291 2014 324 2078 et
349 2012 400 2078 dei
425 2012 514 2078 uerbi
541 2012 706 2078 confirmas
734 2016 766 2078 et
791 2031 810 2077 a
836 2015 923 2097 patre
951 2014 1080 2079 ulterius
1108 2032 1179 2079 enm
1208 2012 1288 2079 dinis

165 2117 345 2186 essentias?
367 2118 396 2183 si
418 2120 523 2183 antem
546 2137 605 2185 non
629 2121 678 2184 est
696 2119 804 2184 eadem
822 2119 934 2185 natura
951 2119 1001 2184 dei
1019 2119 1109 2184 uerbi
1125 2122 1158 2184 et
1176 2119 1288 2198 earnis,

165 2224 319 2310 quomodo
342 2242 403 2290 non
426 2225 504 2289 sunt
525 2224 604 2290 (lunae
626 2227 754 2290 naturas
777 2243 846 2290 aare
870 2227 902 2290 et
924 2225 1077 2290 uerbum?
1105 2224 1132 2290 si
1159 2224 1288 2308 quidem

167 2330 268 2396 omnis
297 2329 445 2395 diuinitas
475 2347 545 2396 earo
574 2330 659 2395 faeta
688 2334 745 2411 ast,
775 2331 930 2415 quomodo
959 2330 1136 2416 permansit,
1155 2331 1288 2398 uerbum

167 2425 358 2522 quoderat?
381 2435 408 2501 si
430 2455 504 2502 uero
527 2454 598 2519 pars
621 2454 692 2502 earo
715 2438 798 2502 faeta
820 2439 878 2515 est,
902 2436 1006 2502 diuisa
1027 2439 1077 2502 est
1098 2436 1186 2502 uerbi
1208 2436 1289 2503 dini·
1305 2461 1331 2502 ιο

166 2541 259 2609 nitas.
282 2541 310 2607 si
332 2543 439 2607 autem
460 2543 653 2608 incarnatum
677 2543 807 2608 uerbum
828 2543 999 2625 permansit
1016 2543 1100 2627 qnod
1119 2546 1193 2621 erat,
1213 2562 1289 2627 qno-

63 2682 65 2687 .
167 2648 260 2715 inodo
282 2666 344 2714 non
366 2651 415 2713 ast
435 2649 672 2714 inconuertibiIe
696 2649 788 2714 etiam
812 2650 1030 2715 incarnatum?
1052 2652 1085 2714 et
1107 2650 1135 2715 si
1156 2667 1218 2714 non
1240 2650 1293 2714 est

149 2753 311 2820 'Christus
332 2755 364 2818 in
388 2753 509 2818 duabus
532 2754 662 2830 natulis,
685 2755 840 2837 quomodo
861 2756 1040 2820 incarnatus
1063 2755 1138 2820 deus
1155 2755 1289 2820 uerbum

124 2864 144 2928 8
168 2860 283 2925 mansit
304 2859 388 2942 qnod
410 2861 498 2925 erat?
565 2863 598 2925 et
620 2860 648 2925 si
671 2863 721 2925 est
742 2860 819 2926 deus
839 2861 967 2926 uerbum
985 2860 1154 2945 passibilis,
1172 2860 1290 2944 impas-

168 2965 269 3031 sibilis
299 2969 404 3032 autem
430 2968 528 3050 puter,
556 2966 711 3049 quomodo
739 2985 820 3033 unus
848 2969 880 3032 et
906 2968 993 3032 solus
1021 2970 1069 3032 est
1091 2967 1189 3032 deus?
1213 2984 1290 3049 qno·
1307 2986 1333 3030 ss

168 3071 260 3138 modo
288 3075 395 3136 auum
421 3072 591 3137 ethorum
617 3091 679 3136 una
705 3074 814 3137 natura
840 3075 913 3137 est?
937 3073 964 3137 si
986 3091 1060 3138 uero
1083 3068 1289 3155 impassibilis

168 3177 291 3243 tninitas
319 3180 378 3257 est,
406 3177 561 3261 quomodo
585 3178 661 3243 deus
684 3178 814 3242 uerbum
837 3197 892 3261 pro
915 3178 1004 3245 nobis
1028 3180 1077 3244 est
1098 3196 1238 3263 passum,
1261 3179 1290 3244 si

168 3283 200 3348 in
228 3284 324 3374 altera
350 3287 461 3349 natura
487 3284 586 3349 earnis
613 3302 673 3349 non
702 3285 751 3349 ast
775 3287 927 3367 passum?
955 3286 987 3349 et
1013 3284 1041 3349 si
1073 3302 1173 3373 omne,
1200 3283 1291 3368 *quod

169 3388 296 3472 patitur,
324 3390 418 3484 etiam
447 3393 588 3455 ereatura
614 3393 671 3466 est,
700 3390 855 3472 quomodo
884 3390 960 3455 deus
987 3390 1118 3456 uerbum
1147 3407 1208 3455 nnn
1241 3392 1292 3455 est

205 3642 337 3725 lqdiaitnr
353 3647 380 3701 Β
451 3649 566 3702 2nnum
589 3648 616 3702 V
696 3648 823 3717 susscipis
846 3648 871 3701 V
939 3648 1086 3703 Bdieendo
1102 3649 1131 3703 Β
1206 3648 1230 3702 si
1253 3648 1291 3704 V.-

170 3753 223 3791 non
239 3737 268 3791 Β
347 3735 513 3807 5οοο11οοο
534 3736 561 3790 V
634 3737 761 3792 iaaearo
779 3736 807 3790 Β
898 3738 921 3791 si
939 3754 989 3791 om.
1013 3737 1063 3791 VB
1152 3752 1245 3793 uenum
1263 3737 1292 3791 Β

170 3825 187 3882 8
205 3825 286 3888 etiam
309 3825 372 3879 VB.-
389 3825 454 3893 βοή.
472 3825 526 3879 iam
597 3825 695 3880 estB:
712 3829 739 3880 st
756 3825 783 3879 V
850 3842 992 3880 conuersae
1006 3825 1033 3879 Β
1087 3825 1120 3880 10
1137 3823 1181 3880 dei
1198 3839 1250 3882 om.
1264 3825 1293 3880 Β

171 3914 204 3969 12
223 3918 396 3970 coaeaetenna
413 3914 472 3984 pari
489 3914 516 3968 V
549 3914 581 3968 13
598 3914 711 3969 ulterius
730 3909 846 3970 essentia
859 3915 887 3968 Β
924 3916 957 3970 14
974 3913 1098 3985 equidem
1114 3913 1143 3967 Β
1178 3913 1211 3968 ln
1229 3929 1293 3970 uer·

169 4002 233 4058 bum
251 4001 279 4055 Β
348 4009 433 4057 aem.
449 4002 478 4056 Β
545 4002 577 4057 18
595 4002 663 4058 duae
681 4018 731 4057 om.
749 4002 776 4056 B
839 4002 990 4057 laniantes
1007 4002 1035 4056 Β
1108 4001 1143 4057 20
1160 4000 1294 4058 diuinitas

170 4118 266 4178 om.B
317 4117 522 4200 26010rumB
573 4073 797 4173 VtinBeniV
