2904 4672
214 225 257 289 58
562 220 700 290 Epistulae
719 220 752 272 de
771 219 914 272 schismate
932 218 1022 272 Ursini

164 414 329 495 l2ueniat,
363 418 417 480 aut
449 415 476 479 si
506 414 539 478 iu
565 413 836 498 longinquioribus
863 412 1005 495 partibus
1033 412 1168 477 alicuius
1194 411 1341 479 ferocitas

214 522 288 587 talis
316 521 486 597 emerserit,
514 519 614 585 omnis
643 519 710 584 eius
738 537 851 583 causae
873 518 969 585 dictio
994 519 1033 584 acl
1054 518 1290 602 metropolitani
1310 520 1342 583 in

215 628 322 693 eadem
358 625 520 711 prouincia
556 625 693 708 episcopi
731 625 903 690 deducatur
943 643 1079 703 eramen,
1111 627 1173 704 uel,
1216 625 1244 693 si
1274 626 1342 709 ipse

215 733 480 815 metropolitanus
516 734 574 809 est,
615 733 746 797 Romam
788 731 961 797 necessario
999 734 1051 797 uel
1088 733 1127 797 acl
1162 752 1227 812 eos,
1264 754 1344 817 quos

216 840 375 904 Romanus
405 837 573 920 episcopus
602 836 721 900 indices
750 834 878 914 dederit,
902 837 969 902 siue
991 838 1141 902 relatione
1164 839 1344 917 contendat,
1371 857 1384 896 s

215 946 261 1009 ita
286 947 391 1010 tamen
418 946 465 1020 ut,
492 942 681 1026 quicumque
709 943 824 1008 deiecti
848 947 931 1021 sunt,
956 943 993 1008 ab
1017 944 1086 1008 eius
1108 946 1233 1033 mutum
1255 944 1345 1013 urbis

215 1051 331 1116 linibus
355 1052 566 1135 segregentur,
588 1045 621 1112 iu
644 1049 759 1132 quibus
782 1051 897 1116 fuerint
920 1049 1107 1116 sacerdotes.
1130 1050 1239 1117 mitius
1262 1050 1346 1114 enim

217 1157 354 1241 grauiter
380 1155 507 1220 meritos
531 1156 732 1220 coberoemus
756 1160 788 1221 et
810 1157 994 1241 sacrilegam
1017 1155 1219 1239 pertinaciam
1241 1156 1346 1220 lenius

166 1260 310 1344 lssquam
328 1264 486 1327 merentur
504 1261 695 1327 ulciscimur.
742 1263 827 1345 quod
842 1263 868 1326 si
882 1263 935 1327 uel
953 1262 1186 1346 metropolitani
1205 1261 1347 1345 episcopi

216 1369 269 1433 uel
295 1367 521 1450 cuiuscumque
548 1368 677 1433 alterius
698 1368 876 1434 'sacerdotis
898 1368 1047 1452 iniqnitas
1070 1370 1270 1450 suspectatur
1292 1371 1348 1432 aut
1368 1385 1393 1425 ro

218 1475 327 1560 gratia,
355 1475 394 1539 erl
415 1475 592 1541 Romanum
619 1474 802 1558 episcopum
828 1477 882 1541 uel
909 1476 949 1540 ad
976 1474 1144 1540 concilium
1167 1472 1348 1556 quindecim

217 1581 420 1646 finitimorum
447 1581 663 1664 episcoporum
691 1581 841 1646 arcessito
868 1581 962 1646 liceat
988 1598 1168 1664 prouocare,
1191 1578 1348 1644 modone

169 1685 291 1769 itpoet
308 1705 433 1752 eramen
451 1686 604 1766 habitum,
624 1686 708 1770 quod
728 1686 889 1752 definitum
908 1687 1012 1764 fuerit,
1031 1687 1214 1770 integretur.
1283 1685 1346 1750 iam

218 1779 292 1859 uero
320 1792 411 1870 illud,
440 1791 522 1874 quod
550 1792 581 1856 in
608 1792 744 1875 negotiis
773 1811 898 1876 quoque
929 1812 1033 1857 rerum
1065 1793 1220 1856 minorum
1253 1795 1285 1855 et
1315 1791 1348 1855 in

217 1898 343 1963 leuibus
367 1915 480 1962 causae
504 1896 693 1962 dictionibus
717 1897 829 1962 animis
853 1898 968 1963 nostris
987 1897 1110 1963 iustitia
1127 1896 1279 1962 naturalis
1302 1895 1348 1960 in·
1368 1917 1395 1954 ra

219 2001 326 2080 seruit,
341 2001 440 2066 multo
460 2000 642 2085 diligentius
660 2001 692 2065 in
712 2002 816 2067 causis
834 2001 1018 2067 iustissimis
1036 2002 1184 2067 uolumus
1204 2001 1349 2067 conuale-

217 2126 315 2187 scere,
333 2126 372 2172 ne
390 2107 482 2172 facile
501 2107 544 2172 sit
562 2106 747 2190 cuicumque
765 2106 885 2190 perdito
904 2107 1034 2184 notabili
1052 2107 1207 2191 pronitate
1224 2126 1348 2172 morum

219 2216 274 2279 aut
299 2213 409 2278 infami
437 2213 594 2278 calumnia
619 2216 726 2278 notato
753 2232 917 2295 personam
949 2212 1157 2278 criminatoris
1186 2231 1347 2278 assumere

165 2320 167 2323 ’
219 2319 468 2386 auttestirnonii
490 2318 657 2384 dictionem
679 2319 711 2383 in
735 2319 967 2384 accusationem
989 2320 1130 2403 episcopi
1149 2320 1298 2404 profiteri.

211 2522 252 2595 cs.
279 2525 359 2582 Corte.
380 2527 459 2583 Rom.
477 2543 509 2596 ρ.
537 2531 583 2594 86,
608 2530 627 2581 3
649 2542 698 2581 seu
723 2525 756 2580 ab
781 2525 930 2580 illustribus
953 2525 1019 2580 uiris
1040 2524 1184 2596 praefectis
1209 2526 1345 2595 praetorio

218 2613 313 2668 Italiae
331 2617 437 2669 uestrae
456 2614 513 2668 siue
532 2630 549 2667 a
566 2613 665 2667 nicorio
684 2613 785 2667 accitus
804 2611 838 2666 ad
855 2612 948 2666 urbem
965 2610 1076 2666 Romam
1093 2613 1186 2666 ueniat
1247 2613 1264 2666 2
1283 2629 1348 2667 cau-

216 2718 249 2755 se
270 2700 368 2756 edictio
387 2719 412 2765 α,
431 2701 503 2756 unde
526 2718 620 2755 causac
643 2699 741 2755 edictio
763 2701 833 2755 Bar.
905 2699 1092 2771 metropolites
1109 2700 1179 2754 Bor.
1226 2701 1242 2753 3
1261 2701 1345 2755 ‹ledu-

218 2791 322 2844 caretur
338 2789 407 2845 Bar.
479 2788 614 2844 coerect
632 2791 702 2843 Bar.
792 2789 914 2842 lminus
932 2789 1014 2843 Sirm.
1103 2789 1256 2843 timeretur
1274 2788 1345 2843 Bar.

220 2876 459 2932 lossensem.
483 2877 552 2932 Bar.
650 2880 819 2948 suspectatur
840 2878 949 2947 Meyer:
971 2877 1130 2947 suspectallll
1154 2880 1234 2945 (eras.
1260 2878 1282 2944 t)
1313 2877 1345 2944 V,

218 2968 356 3037 suspectat
374 2985 399 3033 a,
417 2968 542 3036 suspecta
559 2970 601 3021 est
618 2963 653 3030 0²,
672 2969 715 3021 est
738 2969 865 3036 suspecta
881 2964 951 3019 Bar.
1039 2963 1074 3019 12
1098 2965 1256 3019 accersitum
1273 2964 1343 3020 Ban
1414 3023 1419 3037 ‚

219 3056 252 3110 17
271 3055 393 3124 cuiquam
411 3054 531 3124 praedito
550 3054 620 3109 Bar.
718 3053 832 3109 notabili
849 3053 933 3108 Bar:
950 3052 1036 3106 nobili
1058 3052 1085 3108 V
1160 3054 1193 3107 19
1211 3053 1342 3124 profiteri]

216 3142 375 3212 coemptum
391 3155 448 3198 non
465 3158 519 3198 esce
535 3142 668 3212 integrum
684 3143 735 3196 esic
751 3147 821 3196 recte
836 3141 993 3209 acopicatur
1014 3139 1104 3195 Cosest.
1118 3156 1149 3209 ρ.
1171 3143 1229 3194 534
