2904 4672
162 231 225 293 150
530 226 663 298 Simplicii
680 242 766 296 papae
785 228 916 299 epistulae

162 439 300 485 maerore
336 421 506 502 respondeo
544 425 703 486 astruens:
736 421 763 485 si
796 420 880 503 quod
910 419 1094 484 iamdudum
1126 419 1164 483 de
1194 419 1285 485 Petro

163 530 257 607 atque
281 525 350 590 aliis
384 526 590 608 complicibus
622 544 729 590 eorum
758 525 941 608 scripseram
964 528 996 588 et
1018 527 1054 589 ut
1081 524 1194 608 pietati
1222 526 1285 590 eius

163 652 235 696 oum
260 633 380 710 ceteris,
406 633 460 714 qui
483 632 620 711 aderant,
643 632 791 697 fratribus
820 650 1002 715 suggereres
1024 631 1231 712 postularam,
1254 635 1288 695 ut

164 741 353 819 oportuerat,
378 738 554 817 ordinatum
577 738 700 815 fuisset,
724 738 951 802 haereticorum
972 737 1134 802 temeritas
1158 737 1198 802 ad
1225 741 1288 802 tau·

162 849 232 908 tum
254 843 376 908 facinus
399 864 459 909 non
483 845 604 908 ueniret
626 863 684 909 uec
707 845 826 926 aliquid
848 843 1043 908 necessitatis
1062 843 1237 920 exsisteret,
1255 846 1290 908 ut
1312 854 1324 895 ⁸

165 969 223 1013 non
248 951 339 1015 aliter
361 950 537 1033 praedictae
561 951 781 1015 subueniretur
803 950 964 1028 ecclesiae,
982 949 1042 1014 nisi
1059 951 1097 1012 ut
1115 948 1237 1031 ahquid
1254 949 1289 1014 de

121 1066 140 1125 2
164 1056 231 1120 iure
255 1055 321 1120 eius
347 1058 466 1121 curatio
488 1057 559 1138 ipsa
580 1056 743 1121 minueret.
768 1057 911 1138 quamuis
943 1056 1025 1120 anim
1058 1056 1228 1137 profecerit
1254 1055 1290 1119 ad

167 1161 313 1243 quietem,
349 1163 433 1244 quod
469 1161 730 1228 christianissimi
769 1161 917 1245 principis
955 1161 1095 1226 iussione
1132 1163 1188 1227 uel
1226 1163 1290 1228 siue

165 1267 355 1347 praeiudicio
400 1287 551 1333 canonum
589 1289 607 1333 a
642 1270 697 1333 tua
733 1269 861 1334 caritate
896 1267 992 1333 fuerit
1025 1267 1291 1336 Antiochensibus

167 1373 332 1455 episcopus
357 1375 525 1453 ordinatus,
549 1379 652 1439 tamen
675 1394 737 1439 non
759 1378 808 1440 est
831 1375 897 1439 sine
914 1374 1034 1439 inuidia
1051 1375 1183 1452 factum,
1202 1375 1291 1440 cuius
1306 1391 1326 1431 ιο

167 1480 341 1545 cauendum
365 1482 510 1564 deinceps
535 1481 629 1546 etiam
655 1482 711 1546 ille
740 1484 884 1558 testatur,
917 1481 970 1563 qui
998 1481 1166 1564 praecepit,
1194 1499 1292 1547 exem·

124 1588 265 1668 apium.
293 1588 325 1652 in
358 1608 419 1671 quo
448 1588 559 1671 pietati
592 1587 658 1652 eius
691 1588 806 1672 gratias
839 1587 968 1672 dignum
1000 1590 1049 1651 est
1080 1605 1137 1651 nos
1169 1586 1292 1663 referre,

169 1691 314 1775 quoniam
337 1695 384 1759 ita
407 1695 523 1778 gloriae
551 1714 625 1759 suae
652 1695 831 1759 moderatus
855 1696 905 1759 est
931 1695 1129 1776 potestatem,
1157 1694 1195 1756 ut
1220 1691 1293 1756 fide·

167 1799 291 1863 lissima
314 1800 480 1866 deuotione
502 1803 627 1882 patrum
650 1800 766 1884 regulis
789 1803 811 1882 †
834 1799 1029 1877 submittere,
1053 1817 1133 1881 quae
1161 1797 1293 1875 iuberet,

168 1923 224 1968 nec
253 1904 284 1969 in
317 1905 534 1970 auctoritatem
566 1905 673 1988 recipi,
705 1905 789 1987 quod
820 1904 964 1986 sequenti
995 1904 1164 1968 oonst'tuit·
1192 1905 1294 1969 aetate
1308 1917 1328 1958 ¹⁸

168 2010 336 2090 prohiberi,
359 2015 396 2077 ut
419 2011 541 2075 seilicet
562 2013 594 2075 in
617 2012 675 2075 hac
697 2010 914 2076 tantummodo
936 2028 1079 2092 persona,
1109 2028 1204 2091 quam
1230 2009 1294 2074 ius·

169 2135 208 2180 su
231 2116 298 2181 eius
322 2118 354 2181 et
377 2116 481 2181 studio
505 2116 620 2198 quietis
642 2114 916 2193 Antiochensibus,
939 2134 1000 2179 non
1018 2116 1075 2179 tua
1092 2112 1294 2197 usurpatione

169 2221 343 2286 antistitem
366 2222 566 2299 consecrasti,
591 2222 674 2303 quod
696 2222 813 2286 factum
834 2224 883 2286 est
904 2219 1101 2296 necessitate,
1124 2219 1293 2285 sufficeret

168 2328 200 2391 in
225 2346 286 2410 quo
309 2332 382 2393 tuae
405 2327 581 2393 dilectionis
603 2346 662 2392 non
684 2327 931 2392 inrationabilem
955 2325 1173 2411 cognoscimus
1196 2324 1295 2390 fuisse

170 2432 367 2512 famulatum,
401 2433 474 2515 quia
506 2432 706 2498 ecclesiarum
729 2432 798 2496 iura
827 2431 996 2515 respiciens
1019 2431 1074 2496 diu
1095 2433 1127 2496 te
1159 2449 1221 2495 nou
1249 2429 1294 2494 in·
1310 2445 1330 2485 a

172 2539 282 2603 mento
312 2539 513 2622 suspendisse
542 2539 677 2617 testaris,
701 2558 739 2603 ne
767 2537 917 2602 uidereris
945 2537 1073 2614 ambire,
1097 2536 1182 2620 quod
1208 2537 1295 2601 tanta

126 2657 149 2718 4
172 2644 305 2728 principi
327 2645 412 2709 etin
435 2648 500 2712 tam
524 2645 614 2728 graui
637 2663 731 2709 causa
753 2664 813 2708 non
836 2647 961 2726 poteras
991 2643 1154 2726 abnegare.
1223 2659 1296 2723 qua·

173 2752 307 2832 propter,
340 2750 434 2815 frater
465 2751 635 2828 carissime,
667 2750 884 2815 institutorum
916 2753 1068 2827 ueterum,
1101 2766 1181 2830 quae
1210 2746 1243 2811 in
1265 2748 1297 2810 ta

174 2858 248 2919 sunt
269 2856 409 2940 probata,
432 2874 492 2921 non
514 2857 675 2934 inmemor,
700 2856 783 2921 sicut
805 2856 925 2920 ueniale
957 2856 1093 2920 iudicare
1115 2872 1173 2918 nos
1196 2851 1298 2937 perui·

175 2961 239 3040 des,
263 2961 347 3044 quod
370 2962 428 3027 tibi
451 2966 570 3027 certum
595 2965 643 3027 est
665 2963 862 3046 imperatum,
885 2962 931 3026 ita
952 2961 1020 3045 ipsa
1043 2961 1119 3025 dans
1147 2959 1296 3024 bonorem
1313 2983 1334 3026 a

171 3065 314 3147 patribus
338 3067 471 3143 elabora,
494 3077 581 3139 (no)
603 3067 773 3132 necessitas
796 3066 839 3130 sit
856 3065 922 3130 ulla
939 3064 1081 3143 faciendi,
1101 3063 1185 3147 quod
1209 3067 1298 3147 optas

173 3191 257 3237 nuno
279 3172 492 3237 satisfactione
515 3173 651 3257 purgari.

213 3406 226 3459 1
247 3405 319 3476 quod
335 3407 445 3475 scripsi:
465 3422 516 3477 quc
539 3406 566 3460 V
628 3407 644 3460 3
663 3421 806 3476 suggerere
829 3404 861 3468 V,
880 3421 946 3459 corr:
966 3403 993 3475 p²
1063 3405 1079 3459 5
1097 3370 1254 3459 serenitatis
1276 3404 1302 3458 V

174 3495 191 3548 7
211 3494 353 3565 profecerit
369 3510 425 3548 roa.
444 3510 477 3548 aa
489 3494 652 3563 profecerint
669 3494 694 3547 V
744 3495 760 3547 9
780 3499 844 3548 cate
856 3492 939 3546 fuerit
951 3509 1020 3547 eros.
1033 3492 1141 3547 fuerant
1158 3493 1182 3547 V
1254 3510 1299 3547 an-

174 3581 367 3651 tyochensibus
389 3582 416 3636 V
480 3583 513 3635 12
531 3582 641 3652 pietatis
665 3582 696 3646 V,
715 3598 783 3636 corr,
803 3579 830 3650 p²
892 3581 925 3634 14
943 3580 1114 3634 submitteret
1132 3579 1166 3650 p²‚
1184 3581 1301 3635 uoluerit

176 3675 228 3723 aut
245 3671 332 3725 absita
350 3670 457 3739 aliquid
472 3672 594 3739 suppleri
609 3671 690 3725 iussit
711 3671 801 3725 Couat.
865 3670 898 3722 16
916 3668 1051 3723 silicetV
1113 3670 1144 3722 17
1164 3669 1300 3738 usurpari·

178 3784 264 3838 onethi
283 3789 363 3853 (eras.
382 3789 419 3853 m)
443 3785 470 3839 V
539 3786 571 3840 19
594 3751 763 3855 eognodimus
786 3787 812 3838 V
879 3786 911 3838 21
942 3748 1088 3845 uidedisV
1173 3786 1251 3837 tanto
1270 3799 1307 3837 aa

177 3876 257 3927 tanta
279 3874 305 3928 V
356 3875 390 3927 24
407 3889 456 3926 nos
476 3871 513 3943 p²:
533 3875 633 3928 nonV
690 3875 724 3928 26
743 3873 850 3927 elabora
868 3873 899 3937 V,
919 3872 1010 3927 littero
1029 3879 1043 3924 'e
1062 3871 1117 3936 (uel
1135 3873 1163 3924 et
1180 3871 1301 3941 ligatura

172 3960 261 4030 picto)
279 3963 311 4017 in
327 3979 382 4019 aas.
454 3978 487 4016 ne
506 3962 570 4016 cdd.
590 3960 617 4013 ο2
