<?xml version="1.0" encoding="UTF-8"?>
<!DOCTYPE html PUBLIC "-//W3C//DTD XHTML 1.0 Transitional//EN"
    "http://www.w3.org/TR/xhtml1/DTD/xhtml1-transitional.dtd">
<html xmlns="http://www.w3.org/1999/xhtml" xml:lang="en" lang="en">
 <head>
  <title>
</title>
<meta http-equiv="Content-Type" content="text/html;charset=utf-8" />
  <meta name='ocr-system' content='tesseract 3.04.00' />
  <meta name='ocr-capabilities' content='ocr_page ocr_carea ocr_par ocr_line ocrx_word'/>
</head>
<body>
  <div class='ocr_page' id='page_1' title='image "./epistulaeimpera01gngoog_0153.png"; bbox 0 0 2904 4672; ppageno 0'>
   <div class='ocr_carea' id='block_1_1' title="bbox 541 235 1004 306">
    <p class='ocr_par' dir='ltr' id='par_1_1' title="bbox 541 235 1004 306">
     <span class='ocr_line' id='line_1_1' title="bbox 541 235 1004 306; baseline -0.006 -15"><span class='ocrx_word' id='word_1_1' title='bbox 541 236 680 306; x_wconf 76' lang='lat' dir='ltr'><strong>Epistulae</strong></span> <span class='ocrx_word' id='word_1_2' title='bbox 699 236 732 290; x_wconf 93' lang='lat' dir='ltr'><strong>de</strong></span> <span class='ocrx_word' id='word_1_3' title='bbox 751 235 894 289; x_wconf 81' lang='lat' dir='ltr'><strong>schismate</strong></span> <span class='ocrx_word' id='word_1_4' title='bbox 914 235 1004 289; x_wconf 87' lang='lat' dir='ltr'><strong>Ursini</strong></span> 
     </span>
    </p>
   </div>
   <div class='ocr_carea' id='block_1_2' title="bbox 163 428 1380 1150">
    <p class='ocr_par' dir='ltr' id='par_1_2' title="bbox 206 428 1334 514">
     <span class='ocr_line' id='line_1_2' title="bbox 206 428 1334 514; baseline -0.006 -15"><span class='ocrx_word' id='word_1_5' title='bbox 206 432 338 499; x_wconf 87' lang='lat' dir='ltr'><strong>Romani</strong></span> <span class='ocrx_word' id='word_1_6' title='bbox 356 450 425 497; x_wconf 90' lang='lat' dir='ltr'><strong>esse</strong></span> <span class='ocrx_word' id='word_1_7' title='bbox 444 430 597 496; x_wconf 90' lang='lat' dir='ltr'><strong>cernimus</strong></span> <span class='ocrx_word' id='word_1_8' title='bbox 615 429 754 494; x_wconf 88' lang='lat' dir='ltr'><strong>instituti</strong></span> <span class='ocrx_word' id='word_1_9' title='bbox 772 433 803 492; x_wconf 90' lang='lat' dir='ltr'><strong>et</strong></span> <span class='ocrx_word' id='word_1_10' title='bbox 821 429 936 494; x_wconf 88' lang='lat' dir='ltr'><strong>nostris</strong></span> <span class='ocrx_word' id='word_1_11' title='bbox 951 431 1145 514; x_wconf 77' lang='lat' dir='ltr'>gratulamur</span> <span class='ocrx_word' id='word_1_12' title='bbox 1158 429 1191 492; x_wconf 93' lang='lat' dir='ltr'><strong>id</strong></span> <span class='ocrx_word' id='word_1_13' title='bbox 1208 428 1334 494; x_wconf 82' lang='lat' dir='ltr'><strong>crrenire</strong></span> 
     </span>
    </p>

    <p class='ocr_par' dir='ltr' id='par_1_3' title="bbox 164 534 1336 726">
     <span class='ocr_line' id='line_1_3' title="bbox 164 534 1335 622; baseline -0.002 -22"><span class='ocrx_word' id='word_1_14' title='bbox 164 539 184 600; x_wconf 83' lang='lat'><strong>2</strong></span> <span class='ocrx_word' id='word_1_15' title='bbox 207 539 410 622; x_wconf 87' lang='lat' dir='ltr'><strong>temporibus.</strong></span> <span class='ocrx_word' id='word_1_16' title='bbox 455 535 583 620; x_wconf 76' lang='lat' dir='ltr'><strong>proinde</strong></span> <span class='ocrx_word' id='word_1_17' title='bbox 606 535 752 617; x_wconf 89' lang='lat' dir='ltr'><strong>quoniam</strong></span> <span class='ocrx_word' id='word_1_18' title='bbox 774 535 957 619; x_wconf 84' lang='lat' dir='ltr'><strong>religiosum</strong></span> <span class='ocrx_word' id='word_1_19' title='bbox 986 534 1132 599; x_wconf 86' lang='lat' dir='ltr'><strong>Siricinm</strong></span> <span class='ocrx_word' id='word_1_20' title='bbox 1159 535 1335 599; x_wconf 77' lang='lat' dir='ltr'><strong>antistitem</strong></span> 
     </span>
     <span class='ocr_line' id='line_1_4' title="bbox 207 640 1336 726; baseline -0.007 -15"><span class='ocrx_word' id='word_1_21' title='bbox 207 645 384 711; x_wconf 82' lang='lat' dir='ltr'><strong>sanctitatis</strong></span> <span class='ocrx_word' id='word_1_22' title='bbox 408 643 453 708; x_wconf 93' lang='lat' dir='ltr'><strong>sic</strong></span> <span class='ocrx_word' id='word_1_23' title='bbox 475 660 620 726; x_wconf 91' lang='lat' dir='ltr'><strong>praeesse</strong></span> <span class='ocrx_word' id='word_1_24' title='bbox 648 642 820 707; x_wconf 88' lang='lat' dir='ltr'><strong>sacerdotio</strong></span> <span class='ocrx_word' id='word_1_25' title='bbox 847 643 1025 719; x_wconf 88' lang='lat' dir='ltr'><strong>uoluerunt,</strong></span> <span class='ocrx_word' id='word_1_26' title='bbox 1048 644 1085 706; x_wconf 88' lang='lat' dir='ltr'><strong>ut</strong></span> <span class='ocrx_word' id='word_1_27' title='bbox 1106 641 1256 706; x_wconf 90' lang='lat' dir='ltr'><strong>Ursinum</strong></span> <span class='ocrx_word' id='word_1_28' title='bbox 1277 640 1336 704; x_wconf 91' lang='lat' dir='ltr'><strong>irn-</strong></span> 
     </span>
    </p>

    <p class='ocr_par' dir='ltr' id='par_1_4' title="bbox 163 745 1380 1150">
     <span class='ocr_line' id='line_1_5' title="bbox 163 745 1336 836; baseline -0.003 -21"><span class='ocrx_word' id='word_1_29' title='bbox 163 829 165 832; x_wconf 83' lang='lat'>.</span> <span class='ocrx_word' id='word_1_30' title='bbox 206 753 338 836; x_wconf 89' lang='lat' dir='ltr'><strong>probum</strong></span> <span class='ocrx_word' id='word_1_31' title='bbox 361 747 639 815; x_wconf 80' lang='lat' dir='ltr'><strong>acclamationibus</strong></span> <span class='ocrx_word' id='word_1_32' title='bbox 662 747 827 825; x_wconf 88' lang='lat' dir='ltr'><strong>uiolarent,</strong></span> <span class='ocrx_word' id='word_1_33' title='bbox 850 750 956 812; x_wconf 86' lang='lat' dir='ltr'><strong>nostm</strong></span> <span class='ocrx_word' id='word_1_34' title='bbox 981 766 1052 813; x_wconf 90' lang='lat' dir='ltr'><strong>enm</strong></span> <span class='ocrx_word' id='word_1_35' title='bbox 1079 745 1194 830; x_wconf 82' lang='lat' dir='ltr'><strong>gaudio</strong></span> <span class='ocrx_word' id='word_1_36' title='bbox 1217 765 1336 812; x_wconf 89' lang='lat' dir='ltr'><strong>memo-</strong></span> 
     </span>
     <span class='ocr_line' id='line_1_6' title="bbox 206 852 1380 939; baseline -0.007 -17"><span class='ocrx_word' id='word_1_37' title='bbox 206 860 293 922; x_wconf 87' lang='lat' dir='ltr'><strong>ratus</strong></span> <span class='ocrx_word' id='word_1_38' title='bbox 320 856 485 939; x_wconf 87' lang='lat' dir='ltr'><strong>episeopus</strong></span> <span class='ocrx_word' id='word_1_39' title='bbox 512 873 581 919; x_wconf 89' lang='lat' dir='ltr'><strong>esse</strong></span> <span class='ocrx_word' id='word_1_40' title='bbox 607 857 798 936; x_wconf 88' lang='lat' dir='ltr'><strong>permaneat,</strong></span> <span class='ocrx_word' id='word_1_41' title='bbox 826 853 956 918; x_wconf 87' lang='lat' dir='ltr'><strong>Piniana</strong></span> <span class='ocrx_word' id='word_1_42' title='bbox 979 852 1144 918; x_wconf 83' lang='lat' dir='ltr'><strong>karissime</strong></span> <span class='ocrx_word' id='word_1_43' title='bbox 1168 872 1205 918; x_wconf 91' lang='lat' dir='ltr'><strong>ac</strong></span> <span class='ocrx_word' id='word_1_44' title='bbox 1226 853 1335 918; x_wconf 89' lang='lat' dir='ltr'><strong>iocun-</strong></span> <span class='ocrx_word' id='word_1_45' title='bbox 1367 876 1380 914; x_wconf 73' lang='lat' dir='ltr'><strong>a</strong></span> 
     </span>
     <span class='ocr_line' id='line_1_7' title="bbox 208 948 1338 1045; baseline -0.004 -17"><span class='ocrx_word' id='word_1_46' title='bbox 208 964 350 1038; x_wconf 89' lang='lat' dir='ltr'><strong>dissime;</strong></span> <span class='ocrx_word' id='word_1_47' title='bbox 370 960 525 1045; x_wconf 90' lang='lat' dir='ltr'><strong>siquidem</strong></span> <span class='ocrx_word' id='word_1_48' title='bbox 543 979 693 1044; x_wconf 82' lang='lat' dir='ltr'><strong>maguum</strong></span> <span class='ocrx_word' id='word_1_49' title='bbox 710 948 907 1024; x_wconf 88' lang='lat' dir='ltr'><strong>innocentiae</strong></span> <span class='ocrx_word' id='word_1_50' title='bbox 926 962 959 1024; x_wconf 86' lang='lat' dir='ltr'><strong>et</strong></span> <span class='ocrx_word' id='word_1_51' title='bbox 975 953 1139 1043; x_wconf 89' lang='lat' dir='ltr'><strong>probitatis</strong></span> <span class='ocrx_word' id='word_1_52' title='bbox 1159 960 1338 1042; x_wconf 83' lang='lat' dir='ltr'><strong>exemplum</strong></span> 
     </span>
     <span class='ocr_line' id='line_1_8' title="bbox 207 1065 1336 1150; baseline -0.004 -16"><span class='ocrx_word' id='word_1_53' title='bbox 207 1069 308 1134; x_wconf 90' lang='lat' dir='ltr'><strong>estin</strong></span> <span class='ocrx_word' id='word_1_54' title='bbox 331 1086 393 1133; x_wconf 90' lang='lat' dir='ltr'><strong>uua</strong></span> <span class='ocrx_word' id='word_1_55' title='bbox 414 1066 637 1131; x_wconf 87' lang='lat' dir='ltr'><strong>acclamatione</strong></span> <span class='ocrx_word' id='word_1_56' title='bbox 661 1069 693 1130; x_wconf 89' lang='lat' dir='ltr'><strong>et</strong></span> <span class='ocrx_word' id='word_1_57' title='bbox 713 1066 819 1148; x_wconf 88' lang='lat' dir='ltr'><strong>ipsum</strong></span> <span class='ocrx_word' id='word_1_58' title='bbox 843 1065 917 1150; x_wconf 84' lang='lat' dir='ltr'><strong>eligi</strong></span> <span class='ocrx_word' id='word_1_59' title='bbox 939 1069 971 1130; x_wconf 91' lang='lat' dir='ltr'><strong>et</strong></span> <span class='ocrx_word' id='word_1_60' title='bbox 1003 1071 1122 1130; x_wconf 88' lang='lat' dir='ltr'><strong>ceteros</strong></span> <span class='ocrx_word' id='word_1_61' title='bbox 1154 1065 1336 1148; x_wconf 86' lang='lat' dir='ltr'><strong>improbari.</strong></span> 
     </span>
    </p>
   </div>
   <div class='ocr_carea' id='block_1_3' title="bbox 207 1171 764 1241">
    <p class='ocr_par' dir='ltr' id='par_1_5' title="bbox 207 1171 764 1241">
     <span class='ocr_line' id='line_1_9' title="bbox 207 1171 764 1241; baseline -0.007 0"><span class='ocrx_word' id='word_1_62' title='bbox 207 1175 289 1241; x_wconf 85' lang='lat' dir='ltr'><strong>Data</strong></span> <span class='ocrx_word' id='word_1_63' title='bbox 309 1174 364 1240; x_wconf 89' lang='lat' dir='ltr'><strong>VI.</strong></span> <span class='ocrx_word' id='word_1_64' title='bbox 386 1173 459 1240; x_wconf 89' lang='lat' dir='ltr'><strong>Kal.</strong></span> <span class='ocrx_word' id='word_1_65' title='bbox 481 1172 560 1238; x_wconf 88' lang='lat' dir='ltr'><strong>Mar.</strong></span> <span class='ocrx_word' id='word_1_66' title='bbox 583 1171 764 1238; x_wconf 87' lang='lat' dir='ltr'><strong>Mediolani.</strong></span> 
     </span>
    </p>
   </div>
   <div class='ocr_carea' id='block_1_4' title="bbox 265 1575 1387 1633">
    <p class='ocr_par' dir='ltr' id='par_1_6' title="bbox 265 1575 1387 1633">
     <span class='ocr_line' id='line_1_10' title="bbox 265 1575 1387 1633; baseline -0.002 -11"><span class='ocrx_word' id='word_1_67' title='bbox 265 1578 317 1623; x_wconf 89' lang='lat' dir='ltr'><strong>UBI</strong></span> <span class='ocrx_word' id='word_1_68' title='bbox 339 1576 467 1624; x_wconf 80' lang='lat' dir='ltr'>UBSINUS</span> <span class='ocrx_word' id='word_1_69' title='bbox 489 1576 529 1622; x_wconf 74' lang='grc' dir='ltr'><strong>ΕΤ</strong></span> <span class='ocrx_word' id='word_1_70' title='bbox 549 1576 601 1633; x_wconf 72' lang='lat' dir='ltr'><strong>QUI</strong></span> <span class='ocrx_word' id='word_1_71' title='bbox 625 1576 685 1622; x_wconf 74' lang='lat' dir='ltr'><strong>cul</strong></span> <span class='ocrx_word' id='word_1_72' title='bbox 707 1575 746 1621; x_wconf 75' lang='grc' dir='ltr'><strong>ΕΟ</strong></span> <span class='ocrx_word' id='word_1_73' title='bbox 770 1575 847 1621; x_wconf 73' lang='lat' dir='ltr'><strong>abab</strong></span> <span class='ocrx_word' id='word_1_74' title='bbox 870 1576 911 1620; x_wconf 76' lang='lat' dir='ltr'><strong>AB</strong></span> <span class='ocrx_word' id='word_1_75' title='bbox 934 1575 1034 1621; x_wconf 73' lang='lat' dir='ltr'><strong>aalma</strong></span> <span class='ocrx_word' id='word_1_76' title='bbox 1059 1575 1274 1626; x_wconf 71' lang='lat' dir='ltr'><strong>autmarus.</strong></span> <span class='ocrx_word' id='word_1_77' title='bbox 1359 1589 1387 1630; x_wconf 69' lang='grc' dir='ltr'><strong>ιο</strong></span> 
     </span>
    </p>
   </div>
   <div class='ocr_carea' id='block_1_5' title="bbox 166 1694 1388 3240">
    <p class='ocr_par' dir='ltr' id='par_1_7' title="bbox 208 1694 1388 2416">
     <span class='ocr_line' id='line_1_11' title="bbox 252 1694 1341 1764; baseline -0.004 0"><span class='ocrx_word' id='word_1_78' title='bbox 252 1698 343 1764; x_wconf 88' lang='lat' dir='ltr'><strong>Hane</strong></span> <span class='ocrx_word' id='word_1_79' title='bbox 373 1697 570 1762; x_wconf 79' lang='lat' dir='ltr'><strong>Praetentate</strong></span> <span class='ocrx_word' id='word_1_80' title='bbox 595 1696 759 1762; x_wconf 85' lang='lat' dir='ltr'><strong>karissime</strong></span> <span class='ocrx_word' id='word_1_81' title='bbox 790 1696 890 1760; x_wconf 90' lang='lat' dir='ltr'><strong>nobis.</strong></span> <span class='ocrx_word' id='word_1_82' title='bbox 957 1695 1046 1760; x_wconf 88' lang='lat' dir='ltr'><strong>Licet</strong></span> <span class='ocrx_word' id='word_1_83' title='bbox 1075 1694 1161 1760; x_wconf 91' lang='lat' dir='ltr'><strong>iusta</strong></span> <span class='ocrx_word' id='word_1_84' title='bbox 1192 1696 1341 1761; x_wconf 88' lang='lat' dir='ltr'><strong>uideatur</strong></span> 
     </span>
     <span class='ocr_line' id='line_1_12' title="bbox 209 1800 1339 1885; baseline -0.003 -17"><span class='ocrx_word' id='word_1_85' title='bbox 209 1803 307 1869; x_wconf 86' lang='lat' dir='ltr'><strong>fuisse</strong></span> <span class='ocrx_word' id='word_1_86' title='bbox 343 1802 492 1880; x_wconf 88' lang='lat' dir='ltr'><strong>uindicta,</strong></span> <span class='ocrx_word' id='word_1_87' title='bbox 525 1821 604 1885; x_wconf 90' lang='lat' dir='ltr'><strong>qnae</strong></span> <span class='ocrx_word' id='word_1_88' title='bbox 638 1802 704 1868; x_wconf 94' lang='lat' dir='ltr'><strong>illic</strong></span> <span class='ocrx_word' id='word_1_89' title='bbox 740 1802 934 1867; x_wconf 87' lang='lat' dir='ltr'><strong>turbulenter</strong></span> <span class='ocrx_word' id='word_1_90' title='bbox 969 1801 1134 1869; x_wconf 85' lang='lat' dir='ltr'><strong>exercitam</strong></span> <span class='ocrx_word' id='word_1_91' title='bbox 1169 1800 1339 1866; x_wconf 82' lang='lat' dir='ltr'><strong>factionem</strong></span> 
     </span>
     <span class='ocr_line' id='line_1_13' title="bbox 211 1906 1342 1988; baseline -0.002 -14"><span class='ocrx_word' id='word_1_92' title='bbox 211 1906 419 1974; x_wconf 87' lang='lat' dir='ltr'><strong>cohercitione</strong></span> <span class='ocrx_word' id='word_1_93' title='bbox 443 1908 577 1988; x_wconf 90' lang='lat' dir='ltr'><strong>sedauit,</strong></span> <span class='ocrx_word' id='word_1_94' title='bbox 600 1908 656 1973; x_wconf 92' lang='lat' dir='ltr'><strong>ubi</strong></span> <span class='ocrx_word' id='word_1_95' title='bbox 674 1909 807 1973; x_wconf 85' lang='lat' dir='ltr'><strong>maxima</strong></span> <span class='ocrx_word' id='word_1_96' title='bbox 825 1908 918 1973; x_wconf 90' lang='lat' dir='ltr'><strong>debet</strong></span> <span class='ocrx_word' id='word_1_97' title='bbox 935 1927 1004 1974; x_wconf 87' lang='lat' dir='ltr'><strong>esse</strong></span> <span class='ocrx_word' id='word_1_98' title='bbox 1023 1907 1196 1985; x_wconf 88' lang='lat' dir='ltr'><strong>eoncordia,</strong></span> <span class='ocrx_word' id='word_1_99' title='bbox 1216 1907 1342 1974; x_wconf 88' lang='lat' dir='ltr'><strong>scilieet</strong></span> 
     </span>
     <span class='ocr_line' id='line_1_14' title="bbox 210 2014 1342 2096; baseline 0 -18"><span class='ocrx_word' id='word_1_100' title='bbox 210 2015 242 2079; x_wconf 91' lang='lat' dir='ltr'><strong>in</strong></span> <span class='ocrx_word' id='word_1_101' title='bbox 269 2014 420 2086; x_wconf 87' lang='lat' dir='ltr'><strong>ecclesiae</strong></span> <span class='ocrx_word' id='word_1_102' title='bbox 451 2015 504 2088; x_wconf 84' lang='lat' dir='ltr'><strong>nel</strong></span> <span class='ocrx_word' id='word_1_103' title='bbox 536 2014 610 2079; x_wconf 90' lang='lat' dir='ltr'><strong>sede</strong></span> <span class='ocrx_word' id='word_1_104' title='bbox 641 2016 694 2079; x_wconf 90' lang='lat' dir='ltr'><strong>uel</strong></span> <span class='ocrx_word' id='word_1_105' title='bbox 721 2033 824 2093; x_wconf 89' lang='lat' dir='ltr'><strong>causa,</strong></span> <span class='ocrx_word' id='word_1_106' title='bbox 853 2033 984 2096; x_wconf 84' lang='lat' dir='ltr'><strong>quarum</strong></span> <span class='ocrx_word' id='word_1_107' title='bbox 1013 2033 1116 2079; x_wconf 88' lang='lat' dir='ltr'><strong>rernm</strong></span> <span class='ocrx_word' id='word_1_108' title='bbox 1147 2017 1279 2096; x_wconf 76' lang='lat' dir='ltr'><strong>ubsque</strong></span> <span class='ocrx_word' id='word_1_109' title='bbox 1307 2018 1342 2078; x_wconf 91' lang='lat' dir='ltr'><strong>et</strong></span> 
     </span>
     <span class='ocr_line' id='line_1_15' title="bbox 210 2118 1388 2204; baseline 0.003 -20"><span class='ocrx_word' id='word_1_110' title='bbox 210 2119 398 2185; x_wconf 89' lang='lat' dir='ltr'><strong>modestiam</strong></span> <span class='ocrx_word' id='word_1_111' title='bbox 428 2120 534 2204; x_wconf 88' lang='lat' dir='ltr'><strong>poscit</strong></span> <span class='ocrx_word' id='word_1_112' title='bbox 561 2123 593 2186; x_wconf 90' lang='lat' dir='ltr'><strong>et</strong></span> <span class='ocrx_word' id='word_1_113' title='bbox 619 2120 759 2186; x_wconf 88' lang='lat' dir='ltr'><strong>cultum:</strong></span> <span class='ocrx_word' id='word_1_114' title='bbox 791 2125 896 2192; x_wconf 88' lang='lat' dir='ltr'><strong>tamen</strong></span> <span class='ocrx_word' id='word_1_115' title='bbox 923 2139 981 2186; x_wconf 91' lang='lat' dir='ltr'><strong>nos</strong></span> <span class='ocrx_word' id='word_1_116' title='bbox 1008 2138 1127 2196; x_wconf 87' lang='lat' dir='ltr'><strong>omnes,</strong></span> <span class='ocrx_word' id='word_1_117' title='bbox 1155 2118 1208 2202; x_wconf 88' lang='lat' dir='ltr'><strong>qui</strong></span> <span class='ocrx_word' id='word_1_118' title='bbox 1239 2133 1388 2201; x_wconf 78' lang='lat' dir='ltr'><strong>nuperis</strong></span> 
     </span>
     <span class='ocr_line' id='line_1_16' title="bbox 210 2224 1340 2309; baseline 0.001 -21"><span class='ocrx_word' id='word_1_119' title='bbox 210 2227 335 2308; x_wconf 80' lang='lat' dir='ltr'><strong>propter</strong></span> <span class='ocrx_word' id='word_1_120' title='bbox 357 2224 448 2289; x_wconf 89' lang='lat' dir='ltr'><strong>illum</strong></span> <span class='ocrx_word' id='word_1_121' title='bbox 469 2227 643 2290; x_wconf 89' lang='lat' dir='ltr'><strong>tumultum</strong></span> <span class='ocrx_word' id='word_1_122' title='bbox 668 2225 880 2309; x_wconf 85' lang='lat' dir='ltr'><strong>deportatione</strong></span> <span class='ocrx_word' id='word_1_123' title='bbox 899 2226 1036 2292; x_wconf 88' lang='lat' dir='ltr'><strong>damnati</strong></span> <span class='ocrx_word' id='word_1_124' title='bbox 1055 2229 1138 2305; x_wconf 90' lang='lat' dir='ltr'><strong>sunt,</strong></span> <span class='ocrx_word' id='word_1_125' title='bbox 1153 2228 1185 2290; x_wconf 88' lang='lat' dir='ltr'><strong>et</strong></span> <span class='ocrx_word' id='word_1_126' title='bbox 1197 2225 1340 2308; x_wconf 88' lang='lat' dir='ltr'><strong>propriae</strong></span> 
     </span>
     <span class='ocr_line' id='line_1_17' title="bbox 208 2330 1339 2416; baseline 0 -22"><span class='ocrx_word' id='word_1_127' title='bbox 208 2330 337 2395; x_wconf 90' lang='lat' dir='ltr'><strong>leuitate</strong></span> <span class='ocrx_word' id='word_1_128' title='bbox 368 2332 497 2396; x_wconf 90' lang='lat' dir='ltr'><strong>naturae</strong></span> <span class='ocrx_word' id='word_1_129' title='bbox 528 2335 561 2396; x_wconf 89' lang='lat' dir='ltr'><strong>et</strong></span> <span class='ocrx_word' id='word_1_130' title='bbox 590 2331 691 2414; x_wconf 89' lang='lat' dir='ltr'><strong>ipsius</strong></span> <span class='ocrx_word' id='word_1_131' title='bbox 723 2332 883 2416; x_wconf 83' lang='lat' dir='ltr'><strong>religionis</strong></span> <span class='ocrx_word' id='word_1_132' title='bbox 911 2350 947 2397; x_wconf 85' lang='lat' dir='ltr'><strong>ac</strong></span> <span class='ocrx_word' id='word_1_133' title='bbox 973 2331 1053 2416; x_wconf 83' lang='lat' dir='ltr'><strong>legis</strong></span> <span class='ocrx_word' id='word_1_134' title='bbox 1078 2330 1339 2413; x_wconf 88' lang='lat' dir='ltr'><strong>contemplatione</strong></span> 
     </span>
    </p>

    <p class='ocr_par' dir='ltr' id='par_1_8' title="bbox 166 2434 1387 3240">
     <span class='ocr_line' id='line_1_18' title="bbox 166 2434 1339 2512; baseline 0 -12"><span class='ocrx_word' id='word_1_135' title='bbox 166 2435 403 2512; x_wconf 84' lang='lat' dir='ltr'><strong>2miseremur,</strong></span> <span class='ocrx_word' id='word_1_136' title='bbox 435 2434 632 2501; x_wconf 87' lang='lat' dir='ltr'><strong>Praetextata</strong></span> <span class='ocrx_word' id='word_1_137' title='bbox 663 2435 827 2500; x_wconf 84' lang='lat' dir='ltr'><strong>karissime</strong></span> <span class='ocrx_word' id='word_1_138' title='bbox 859 2454 895 2501; x_wconf 90' lang='lat' dir='ltr'><strong>ee</strong></span> <span class='ocrx_word' id='word_1_139' title='bbox 921 2435 1155 2503; x_wconf 87' lang='lat' dir='ltr'><strong>iocundissima.</strong></span> <span class='ocrx_word' id='word_1_140' title='bbox 1206 2449 1339 2500; x_wconf 85' lang='lat' dir='ltr'><strong>cunctos</strong></span> 
     </span>
     <span class='ocr_line' id='line_1_19' title="bbox 208 2539 1338 2626; baseline -0.003 -21"><span class='ocrx_word' id='word_1_141' title='bbox 208 2541 315 2626; x_wconf 87' lang='lat' dir='ltr'><strong>igitur,</strong></span> <span class='ocrx_word' id='word_1_142' title='bbox 339 2540 393 2623; x_wconf 89' lang='lat' dir='ltr'><strong>qui</strong></span> <span class='ocrx_word' id='word_1_143' title='bbox 416 2545 491 2605; x_wconf 86' lang='lat' dir='ltr'><strong>sunt</strong></span> <span class='ocrx_word' id='word_1_144' title='bbox 514 2540 582 2617; x_wconf 90' lang='lat' dir='ltr'><strong>eins</strong></span> <span class='ocrx_word' id='word_1_145' title='bbox 605 2544 638 2606; x_wconf 94' lang='lat' dir='ltr'><strong>et</strong></span> <span class='ocrx_word' id='word_1_146' title='bbox 661 2541 754 2606; x_wconf 87' lang='lat' dir='ltr'><strong>sortis</strong></span> <span class='ocrx_word' id='word_1_147' title='bbox 779 2543 810 2606; x_wconf 92' lang='lat' dir='ltr'><strong>et</strong></span> <span class='ocrx_word' id='word_1_148' title='bbox 833 2542 952 2624; x_wconf 88' lang='lat' dir='ltr'><strong>eulpae,</strong></span> <span class='ocrx_word' id='word_1_149' title='bbox 975 2541 1134 2623; x_wconf 85' lang='lat' dir='ltr'><strong>praecelsa</strong></span> <span class='ocrx_word' id='word_1_150' title='bbox 1161 2539 1338 2604; x_wconf 86' lang='lat' dir='ltr'><strong>sublimitas</strong></span> 
     </span>
     <span class='ocr_line' id='line_1_20' title="bbox 207 2644 1387 2721; baseline 0.003 -10"><span class='ocrx_word' id='word_1_151' title='bbox 207 2649 264 2711; x_wconf 86' lang='lat' dir='ltr'><strong>tua</strong></span> <span class='ocrx_word' id='word_1_152' title='bbox 294 2646 393 2711; x_wconf 89' lang='lat' dir='ltr'><strong>nostri</strong></span> <span class='ocrx_word' id='word_1_153' title='bbox 425 2645 610 2711; x_wconf 89' lang='lat' dir='ltr'><strong>anctoritate</strong></span> <span class='ocrx_word' id='word_1_154' title='bbox 646 2646 755 2712; x_wconf 90' lang='lat' dir='ltr'><strong>iudicii</strong></span> <span class='ocrx_word' id='word_1_155' title='bbox 789 2645 944 2713; x_wconf 91' lang='lat' dir='ltr'><strong>liberabit.</strong></span> <span class='ocrx_word' id='word_1_156' title='bbox 980 2645 1059 2713; x_wconf 88' lang='lat' dir='ltr'><strong>banc</strong></span> <span class='ocrx_word' id='word_1_157' title='bbox 1095 2662 1169 2710; x_wconf 89' lang='lat' dir='ltr'><strong>uero</strong></span> <span class='ocrx_word' id='word_1_158' title='bbox 1205 2644 1338 2714; x_wconf 81' lang='lat' dir='ltr'><strong>formam</strong></span> <span class='ocrx_word' id='word_1_159' title='bbox 1357 2671 1387 2721; x_wconf 78' lang='lat' dir='ltr'><strong>so</strong></span> 
     </span>
     <span class='ocr_line' id='line_1_21' title="bbox 207 2748 1339 2836; baseline -0.001 -20"><span class='ocrx_word' id='word_1_160' title='bbox 207 2751 327 2816; x_wconf 88' lang='lat' dir='ltr'><strong>tenebit</strong></span> <span class='ocrx_word' id='word_1_161' title='bbox 338 2751 370 2815; x_wconf 92' lang='lat' dir='ltr'><strong>iu</strong></span> <span class='ocrx_word' id='word_1_162' title='bbox 388 2754 561 2834; x_wconf 87' lang='lat' dir='ltr'><strong>posterum,</strong></span> <span class='ocrx_word' id='word_1_163' title='bbox 580 2755 616 2817; x_wconf 90' lang='lat' dir='ltr'><strong>ut</strong></span> <span class='ocrx_word' id='word_1_164' title='bbox 634 2752 662 2817; x_wconf 91' lang='lat' dir='ltr'><strong>si</strong></span> <span class='ocrx_word' id='word_1_165' title='bbox 679 2751 762 2816; x_wconf 91' lang='lat' dir='ltr'><strong>idem</strong></span> <span class='ocrx_word' id='word_1_166' title='bbox 784 2751 916 2836; x_wconf 89' lang='lat' dir='ltr'><strong>pristino</strong></span> <span class='ocrx_word' id='word_1_167' title='bbox 940 2751 1038 2816; x_wconf 89' lang='lat' dir='ltr'><strong>statui</strong></span> <span class='ocrx_word' id='word_1_168' title='bbox 1060 2750 1199 2817; x_wconf 87' lang='lat' dir='ltr'><strong>restituti</strong></span> <span class='ocrx_word' id='word_1_169' title='bbox 1218 2748 1339 2833; x_wconf 89' lang='lat' dir='ltr'><strong>aliquid</strong></span> 
     </span>
     <span class='ocr_line' id='line_1_22' title="bbox 208 2855 1340 2942; baseline -0.003 -20"><span class='ocrx_word' id='word_1_170' title='bbox 208 2857 320 2939; x_wconf 90' lang='lat' dir='ltr'><strong>spiritu</strong></span> <span class='ocrx_word' id='word_1_171' title='bbox 347 2856 461 2922; x_wconf 89' lang='lat' dir='ltr'><strong>iterum</strong></span> <span class='ocrx_word' id='word_1_172' title='bbox 490 2858 644 2941; x_wconf 82' lang='lat' dir='ltr'><strong>gesserint</strong></span> <span class='ocrx_word' id='word_1_173' title='bbox 670 2858 822 2942; x_wconf 87' lang='lat' dir='ltr'><strong>inquieto,</strong></span> <span class='ocrx_word' id='word_1_174' title='bbox 846 2877 907 2941; x_wconf 92' lang='lat' dir='ltr'><strong>quo</strong></span> <span class='ocrx_word' id='word_1_175' title='bbox 934 2856 1146 2940; x_wconf 87' lang='lat' dir='ltr'><strong>tranquillitas</strong></span> <span class='ocrx_word' id='word_1_176' title='bbox 1169 2855 1340 2939; x_wconf 86' lang='lat' dir='ltr'><strong>reformata·</strong></span> 
     </span>
     <span class='ocr_line' id='line_1_23' title="bbox 208 2960 1338 3048; baseline -0.003 -20"><span class='ocrx_word' id='word_1_177' title='bbox 208 2963 361 3041; x_wconf 85' lang='lat' dir='ltr'><strong>turbetur,</strong></span> <span class='ocrx_word' id='word_1_178' title='bbox 386 2963 585 3029; x_wconf 89' lang='lat' dir='ltr'><strong>seuerissima</strong></span> <span class='ocrx_word' id='word_1_179' title='bbox 606 2960 637 3028; x_wconf 90' lang='lat' dir='ltr'><strong>iu</strong></span> <span class='ocrx_word' id='word_1_180' title='bbox 661 2983 714 3029; x_wconf 90' lang='lat' dir='ltr'><strong>eos</strong></span> <span class='ocrx_word' id='word_1_181' title='bbox 738 2965 893 3030; x_wconf 89' lang='lat' dir='ltr'><strong>sententia</strong></span> <span class='ocrx_word' id='word_1_182' title='bbox 909 2963 1092 3048; x_wconf 87' lang='lat' dir='ltr'><strong>proferatur.</strong></span> <span class='ocrx_word' id='word_1_183' title='bbox 1115 2962 1238 3027; x_wconf 90' lang='lat' dir='ltr'><strong>nullam</strong></span> <span class='ocrx_word' id='word_1_184' title='bbox 1254 2960 1338 3026; x_wconf 88' lang='lat' dir='ltr'><strong>euim</strong></span> 
     </span>
     <span class='ocr_line' id='line_1_24' title="bbox 206 3068 1338 3153; baseline -0.002 -21"><span class='ocrx_word' id='word_1_185' title='bbox 206 3069 340 3149; x_wconf 88' lang='lat' dir='ltr'><strong>possunt</strong></span> <span class='ocrx_word' id='word_1_186' title='bbox 370 3068 495 3133; x_wconf 89' lang='lat' dir='ltr'><strong>neniam</strong></span> <span class='ocrx_word' id='word_1_187' title='bbox 526 3068 704 3150; x_wconf 89' lang='lat' dir='ltr'><strong>promereri,</strong></span> <span class='ocrx_word' id='word_1_188' title='bbox 738 3069 792 3153; x_wconf 89' lang='lat' dir='ltr'><strong>qui</strong></span> <span class='ocrx_word' id='word_1_189' title='bbox 825 3088 886 3135; x_wconf 89' lang='lat' dir='ltr'><strong>nou</strong></span> <span class='ocrx_word' id='word_1_190' title='bbox 918 3069 1066 3134; x_wconf 89' lang='lat' dir='ltr'><strong>desinunt</strong></span> <span class='ocrx_word' id='word_1_191' title='bbox 1098 3085 1227 3151; x_wconf 89' lang='lat' dir='ltr'><strong>peecare</strong></span> <span class='ocrx_word' id='word_1_192' title='bbox 1262 3070 1338 3150; x_wconf 90' lang='lat' dir='ltr'><strong>post</strong></span> 
     </span>
     <span class='ocr_line' id='line_1_25' title="bbox 206 3191 340 3240; baseline 0.022 -3"><span class='ocrx_word' id='word_1_193' title='bbox 206 3191 340 3240; x_wconf 89' lang='lat' dir='ltr'><strong>neuram.</strong></span> 
     </span>
    </p>
   </div>
   <div class='ocr_carea' id='block_1_6' title="bbox 206 3413 1336 4192">
    <p class='ocr_par' dir='ltr' id='par_1_9' title="bbox 206 3413 1336 3819">
     <span class='ocr_line' id='line_1_26' title="bbox 244 3413 1334 3487; baseline 0.005 -20"><span class='ocrx_word' id='word_1_194' title='bbox 244 3415 257 3467; x_wconf 94' lang='lat'>1</span> <span class='ocrx_word' id='word_1_195' title='bbox 278 3414 364 3474; x_wconf 80' lang='lat' dir='ltr'><strong>nostri</strong></span> <span class='ocrx_word' id='word_1_196' title='bbox 385 3413 417 3479; x_wconf 90' lang='lat' dir='ltr'><strong>V,</strong></span> <span class='ocrx_word' id='word_1_197' title='bbox 437 3429 539 3468; x_wconf 69' lang='lat' dir='ltr'><strong>cerac</strong></span> <span class='ocrx_word' id='word_1_198' title='bbox 610 3417 770 3486; x_wconf 77' lang='lat' dir='ltr'><strong>asyricium</strong></span> <span class='ocrx_word' id='word_1_199' title='bbox 793 3417 820 3473; x_wconf 99' lang='lat' dir='ltr'><strong><em>V</em></strong></span> <span class='ocrx_word' id='word_1_200' title='bbox 888 3419 903 3472; x_wconf 86' lang='lat'><strong>3</strong></span> <span class='ocrx_word' id='word_1_201' title='bbox 924 3417 1071 3472; x_wconf 87' lang='lat' dir='ltr'><strong>Ursicinum</strong></span> <span class='ocrx_word' id='word_1_202' title='bbox 1094 3419 1126 3471; x_wconf 81' lang='lat' dir='ltr'><strong>ia</strong></span> <span class='ocrx_word' id='word_1_203' title='bbox 1150 3434 1235 3487; x_wconf 73' lang='lat' dir='ltr'><strong>musy.</strong></span> <span class='ocrx_word' id='word_1_204' title='bbox 1253 3418 1334 3485; x_wconf 80' lang='lat' dir='ltr'><strong>Bur,</strong></span> 
     </span>
     <span class='ocr_line' id='line_1_27' title="bbox 206 3501 1336 3574; baseline 0.005 -19"><span class='ocrx_word' id='word_1_205' title='bbox 206 3501 279 3556; x_wconf 81' lang='lat' dir='ltr'><strong>benc</strong></span> <span class='ocrx_word' id='word_1_206' title='bbox 295 3503 419 3569; x_wconf 86' lang='lat' dir='ltr'><strong>formam</strong></span> <span class='ocrx_word' id='word_1_207' title='bbox 437 3502 503 3556; x_wconf 80' lang='lat' dir='ltr'><strong>ulir&#39;s</strong></span> <span class='ocrx_word' id='word_1_208' title='bbox 520 3501 586 3556; x_wconf 84' lang='lat' dir='ltr'><strong>lccr&#39;s</strong></span> <span class='ocrx_word' id='word_1_209' title='bbox 603 3504 685 3558; x_wconf 77' lang='lat' dir='ltr'><strong>etium</strong></span> <span class='ocrx_word' id='word_1_210' title='bbox 701 3506 733 3558; x_wconf 68' lang='grc' dir='ltr'><strong>ἐκ</strong></span> <span class='ocrx_word' id='word_1_211' title='bbox 749 3510 851 3560; x_wconf 71' lang='lat' dir='ltr'><strong>tectum</strong></span> <span class='ocrx_word' id='word_1_212' title='bbox 868 3505 1011 3574; x_wconf 57' lang='lat' dir='ltr'><strong>recepissem</strong></span> <span class='ocrx_word' id='word_1_213' title='bbox 1031 3507 1067 3573; x_wconf 86' lang='lat' dir='ltr'><strong>cf.</strong></span> <span class='ocrx_word' id='word_1_214' title='bbox 1085 3505 1174 3572; x_wconf 80' lang='lat' dir='ltr'><strong>Rode,</strong></span> <span class='ocrx_word' id='word_1_215' title='bbox 1191 3505 1336 3561; x_wconf 80' lang='lat' dir='ltr'><strong>Damasus</strong></span> 
     </span>
     <span class='ocr_line' id='line_1_28' title="bbox 206 3584 1335 3660; baseline 0.006 -18"><span class='ocrx_word' id='word_1_216' title='bbox 206 3588 326 3656; x_wconf 82' lang='lat' dir='ltr'><strong>Bisclros</strong></span> <span class='ocrx_word' id='word_1_217' title='bbox 338 3605 391 3643; x_wconf 80' lang='lat' dir='ltr'><strong>coa</strong></span> <span class='ocrx_word' id='word_1_218' title='bbox 408 3584 480 3645; x_wconf 83' lang='lat' dir='ltr'><strong>Rom</strong></span> <span class='ocrx_word' id='word_1_219' title='bbox 498 3593 595 3659; x_wconf 77' lang='lat'><em>(1882)</em></span> <span class='ocrx_word' id='word_1_220' title='bbox 613 3608 641 3660; x_wconf 87' lang='lat' dir='ltr'><strong>p.</strong></span> <span class='ocrx_word' id='word_1_221' title='bbox 659 3591 693 3647; x_wconf 81' lang='lat'><strong>11</strong></span> <span class='ocrx_word' id='word_1_222' title='bbox 708 3593 802 3648; x_wconf 58' lang='lat' dir='ltr'><strong>adad</strong></span> <span class='ocrx_word' id='word_1_223' title='bbox 853 3596 872 3647; x_wconf 87' lang='lat'>4</span> <span class='ocrx_word' id='word_1_224' title='bbox 889 3594 1024 3649; x_wconf 90' lang='lat' dir='ltr'><strong>uiolarent</strong></span> <span class='ocrx_word' id='word_1_225' title='bbox 1040 3594 1077 3648; x_wconf 84' lang='lat' dir='ltr'><strong>V.-</strong></span> <span class='ocrx_word' id='word_1_226' title='bbox 1095 3594 1230 3648; x_wconf 90' lang='lat' dir='ltr'><strong>nclueriut</strong></span> <span class='ocrx_word' id='word_1_227' title='bbox 1243 3595 1335 3649; x_wconf 73' lang='lat' dir='ltr'><strong>minas</strong></span> 
     </span>
     <span class='ocr_line' id='line_1_29' title="bbox 207 3676 1333 3750; baseline 0.007 -20"><span class='ocrx_word' id='word_1_228' title='bbox 207 3683 270 3746; x_wconf 84' lang='lat' dir='ltr'><strong>apte</strong></span> <span class='ocrx_word' id='word_1_229' title='bbox 291 3676 380 3733; x_wconf 73' lang='lat' dir='ltr'><strong>Cesset.</strong></span> <span class='ocrx_word' id='word_1_230' title='bbox 434 3679 500 3732; x_wconf 86' lang='lat' dir='ltr'><strong>5ac</strong></span> <span class='ocrx_word' id='word_1_231' title='bbox 517 3679 600 3733; x_wconf 70' lang='lat' dir='ltr'><strong>Bam:</strong></span> <span class='ocrx_word' id='word_1_232' title='bbox 617 3681 671 3734; x_wconf 89' lang='lat' dir='ltr'><strong>iam</strong></span> <span class='ocrx_word' id='word_1_233' title='bbox 694 3679 725 3747; x_wconf 88' lang='lat' dir='ltr'><strong>V,</strong></span> <span class='ocrx_word' id='word_1_234' title='bbox 744 3685 826 3750; x_wconf 84' lang='lat' dir='ltr'><strong>atque</strong></span> <span class='ocrx_word' id='word_1_235' title='bbox 844 3679 873 3735; x_wconf 78' lang='grc' dir='ltr'><strong>ο2</strong></span> <span class='ocrx_word' id='word_1_236' title='bbox 947 3681 1134 3746; x_wconf 81' lang='lat' dir='ltr'><strong>iucundissime</strong></span> <span class='ocrx_word' id='word_1_237' title='bbox 1156 3681 1183 3737; x_wconf 99' lang='lat' dir='ltr'><strong><em>V</em></strong></span> <span class='ocrx_word' id='word_1_238' title='bbox 1233 3682 1333 3739; x_wconf 90' lang='lat' dir='ltr'><strong>8Dat.</strong></span> 
     </span>
     <span class='ocr_line' id='line_1_30' title="bbox 207 3762 471 3819; baseline 0.015 -3"><span class='ocrx_word' id='word_1_239' title='bbox 207 3762 266 3817; x_wconf 89' lang='lat' dir='ltr'><strong>VH.</strong></span> <span class='ocrx_word' id='word_1_240' title='bbox 285 3764 356 3819; x_wconf 85' lang='lat' dir='ltr'><strong>Bar.</strong></span> <span class='ocrx_word' id='word_1_241' title='bbox 468 3790 471 3796; x_wconf 95' lang='lat'>·</span> 
     </span>
    </p>

    <p class='ocr_par' dir='ltr' id='par_1_10' title="bbox 206 3851 1335 4192">
     <span class='ocr_line' id='line_1_31' title="bbox 242 3851 1335 3926; baseline 0.006 -20"><span class='ocrx_word' id='word_1_242' title='bbox 242 3851 271 3906; x_wconf 76' lang='grc' dir='ltr'><strong>ὅ.</strong></span> <span class='ocrx_word' id='word_1_243' title='bbox 335 3852 403 3907; x_wconf 80' lang='lat' dir='ltr'><strong>Dat.</strong></span> <span class='ocrx_word' id='word_1_244' title='bbox 423 3870 450 3907; x_wconf 86' lang='lat' dir='ltr'><strong>a.</strong></span> <span class='ocrx_word' id='word_1_245' title='bbox 470 3857 530 3908; x_wconf 82' lang='lat'><strong>367</strong></span> <span class='ocrx_word' id='word_1_246' title='bbox 548 3861 612 3909; x_wconf 82' lang='lat' dir='ltr'><strong>ante</strong></span> <span class='ocrx_word' id='word_1_247' title='bbox 629 3856 699 3910; x_wconf 82' lang='lat' dir='ltr'><strong>diem</strong></span> <span class='ocrx_word' id='word_1_248' title='bbox 716 3861 751 3912; x_wconf 83' lang='lat'><strong>15</strong></span> <span class='ocrx_word' id='word_1_249' title='bbox 769 3858 867 3912; x_wconf 73' lang='lat' dir='ltr'><strong>mereata</strong></span> <span class='ocrx_word' id='word_1_250' title='bbox 883 3857 1051 3926; x_wconf 72' lang='lat' dir='ltr'><strong>Septembris.</strong></span> <span class='ocrx_word' id='word_1_251' title='bbox 1114 3858 1335 3913; x_wconf 68' lang='lat' dir='ltr'><strong>adunamur</strong></span> 
     </span>
     <span class='ocr_line' id='line_1_32' title="bbox 207 3939 1332 4014; baseline 0.006 -21"><span class='ocrx_word' id='word_1_252' title='bbox 207 3939 233 3993; x_wconf 70' lang='lat' dir='ltr'><strong>aL</strong></span> <span class='ocrx_word' id='word_1_253' title='bbox 254 3943 321 4007; x_wconf 80' lang='lat'><strong><em>368,</em></strong></span> <span class='ocrx_word' id='word_1_254' title='bbox 342 3943 375 4007; x_wconf 80' lang='grc'><strong>4,·</strong></span> <span class='ocrx_word' id='word_1_255' title='bbox 392 3940 501 3997; x_wconf 73' lang='lat' dir='ltr'><strong>Haereat</strong></span> <span class='ocrx_word' id='word_1_256' title='bbox 520 3941 600 4011; x_wconf 77' lang='lat' dir='ltr'><strong>Oorp.</strong></span> <span class='ocrx_word' id='word_1_257' title='bbox 619 3942 682 4013; x_wconf 77' lang='lat' dir='ltr'><strong>Lep,</strong></span> <span class='ocrx_word' id='word_1_258' title='bbox 701 3948 769 3999; x_wconf 81' lang='lat'><strong><em>223.</em></strong></span> <span class='ocrx_word' id='word_1_259' title='bbox 824 3947 855 3999; x_wconf 93' lang='lat'><strong>11</strong></span> <span class='ocrx_word' id='word_1_260' title='bbox 874 3945 956 3998; x_wconf 87' lang='lat' dir='ltr'><strong>liceat</strong></span> <span class='ocrx_word' id='word_1_261' title='bbox 977 3945 1008 4014; x_wconf 92' lang='lat' dir='ltr'><strong>V,</strong></span> <span class='ocrx_word' id='word_1_262' title='bbox 1027 3962 1094 4000; x_wconf 85' lang='lat' dir='ltr'><strong>corr.</strong></span> <span class='ocrx_word' id='word_1_263' title='bbox 1111 3946 1181 3999; x_wconf 88' lang='lat' dir='ltr'><strong>Bar.</strong></span> <span class='ocrx_word' id='word_1_264' title='bbox 1238 3945 1268 3999; x_wconf 91' lang='grc'><strong>12</strong></span> <span class='ocrx_word' id='word_1_265' title='bbox 1289 3962 1332 4000; x_wconf 83' lang='lat' dir='ltr'><strong>ex·</strong></span> 
     </span>
     <span class='ocr_line' id='line_1_33' title="bbox 207 4028 1331 4104; baseline 0.006 -23"><span class='ocrx_word' id='word_1_266' title='bbox 207 4028 316 4095; x_wconf 89' lang='lat' dir='ltr'><strong>citatam</strong></span> <span class='ocrx_word' id='word_1_267' title='bbox 335 4028 364 4084; x_wconf 78' lang='grc' dir='ltr'><strong>ο2</strong></span> <span class='ocrx_word' id='word_1_268' title='bbox 432 4030 465 4084; x_wconf 84' lang='grc'><strong>13</strong></span> <span class='ocrx_word' id='word_1_269' title='bbox 482 4029 560 4084; x_wconf 90' lang='lat' dir='ltr'><strong>sedat</strong></span> <span class='ocrx_word' id='word_1_270' title='bbox 582 4029 612 4096; x_wconf 85' lang='lat' dir='ltr'><strong>V,</strong></span> <span class='ocrx_word' id='word_1_271' title='bbox 631 4047 699 4087; x_wconf 68' lang='lat' dir='ltr'><strong>corr.</strong></span> <span class='ocrx_word' id='word_1_272' title='bbox 717 4033 811 4102; x_wconf 73' lang='lat' dir='ltr'><strong>Meyer</strong></span> <span class='ocrx_word' id='word_1_273' title='bbox 880 4034 993 4087; x_wconf 85' lang='lat' dir='ltr'><strong>maxime</strong></span> <span class='ocrx_word' id='word_1_274' title='bbox 1010 4034 1081 4089; x_wconf 85' lang='lat' dir='ltr'><strong>Bar.</strong></span> <span class='ocrx_word' id='word_1_275' title='bbox 1140 4035 1173 4087; x_wconf 83' lang='lat'><strong>15</strong></span> <span class='ocrx_word' id='word_1_276' title='bbox 1191 4033 1331 4104; x_wconf 89' lang='lat' dir='ltr'><strong>possitV,</strong></span> 
     </span>
     <span class='ocr_line' id='line_1_34' title="bbox 206 4114 1178 4192; baseline 0.004 -23"><span class='ocrx_word' id='word_1_277' title='bbox 206 4120 272 4172; x_wconf 83' lang='lat' dir='ltr'><strong>corr.</strong></span> <span class='ocrx_word' id='word_1_278' title='bbox 290 4117 386 4189; x_wconf 78' lang='lat' dir='ltr'><strong>Meyer</strong></span> <span class='ocrx_word' id='word_1_279' title='bbox 440 4114 479 4172; x_wconf 80' lang='lat'><strong>17&#39;</strong></span> <span class='ocrx_word' id='word_1_280' title='bbox 490 4116 606 4188; x_wconf 82' lang='lat' dir='ltr'><strong>regionis</strong></span> <span class='ocrx_word' id='word_1_281' title='bbox 630 4118 660 4184; x_wconf 94' lang='lat' dir='ltr'><strong>V,</strong></span> <span class='ocrx_word' id='word_1_282' title='bbox 679 4135 779 4182; x_wconf 69' lang='lat' dir='ltr'><strong>coras.</strong></span> <span class='ocrx_word' id='word_1_283' title='bbox 833 4121 868 4174; x_wconf 90' lang='grc'><strong>22</strong></span> <span class='ocrx_word' id='word_1_284' title='bbox 886 4122 991 4192; x_wconf 90' lang='lat' dir='ltr'><strong>spiritui</strong></span> <span class='ocrx_word' id='word_1_285' title='bbox 1014 4121 1044 4186; x_wconf 87' lang='lat' dir='ltr'><strong>V,</strong></span> <span class='ocrx_word' id='word_1_286' title='bbox 1063 4138 1131 4177; x_wconf 85' lang='lat' dir='ltr'><strong>corr.</strong></span> <span class='ocrx_word' id='word_1_287' title='bbox 1151 4120 1178 4173; x_wconf 73' lang='grc' dir='ltr'><strong>ο2</strong></span> 
     </span>
    </p>
   </div>
   <div class='ocr_carea' id='block_1_7' title="bbox 0 0 1461 4672">
    <p class='ocr_par' dir='ltr' id='par_1_11' title="bbox 0 0 1461 4672">
     <span class='ocr_line' id='line_1_35' title="bbox 0 0 1461 4672; baseline 0 0"><span class='ocrx_word' id='word_1_288' title='bbox 0 0 1461 4672; x_wconf 95' lang='lat' dir='ltr'><strong> </strong></span> 
     </span>
    </p>
   </div>
  </div>
 </body>
</html>
