2904 4672
118 234 180 311 312
387 230 480 300 L'igilii
499 231 672 284 constitutum
692 229 725 284 de
742 231 828 283 tribus
847 230 972 300 capitulis

54 436 57 440 ’
118 423 315 500 clementia
340 421 460 507 igitur
485 425 612 486 uestra
638 408 840 506 cognoscat
871 443 1010 488 omnem
1041 424 1235 488 Romanam

118 529 317 594 ecclesiam
345 528 388 591 de
414 527 604 592 uniuersis
631 528 722 591 fidei
751 531 900 592 uestrae
928 527 1104 610 operibns
1127 529 1236 611 pluri-

117 654 212 699 mum
248 630 445 718 gratulari,
483 633 564 698 siue
596 633 692 714 quod
723 634 949 716 legationem
981 636 1147 698 nostram
1179 635 1234 716 pio

117 761 180 823 per
202 739 501 805 omniainuistis
524 738 679 816 affectu,
704 742 740 803 ot
762 739 857 822 quod
881 738 1095 805 sacerdotes
1118 740 1236 805 catho*

117 847 226 923 lices,
264 846 326 927 qui
362 845 404 908 ab
442 842 616 908 ecclesiis
653 845 731 908 suis
767 845 910 909 iniusta
946 845 1094 910 fuerant
1127 845 1270 910 eiectis

119 952 319 1028 sententia,
353 950 567 1014 reduxistis.
600 968 671 1013 occe
704 954 737 1014 et
766 951 797 1014 in
830 970 877 1027 eo,
910 951 993 1033 quod
1020 951 1129 1015 omnia.
1152 955 1238 1034 gesta

118 1058 297 1122 beatissimo
320 1075 417 1138 papae
439 1054 536 1120 Leoni
558 1056 673 1119 directa
695 1060 778 1133 sunt,
800 1076 903 1120 rernm
925 1060 1084 1140 gestarum
1107 1055 1146 1120 ad
1169 1075 1237 1121 eum

118 1163 267 1246 perducta
298 1161 409 1227 notitia
439 1163 489 1225 ost
524 1163 557 1225 et
589 1161 621 1224 in
656 1161 880 1226 recurrentium
916 1162 1035 1228 actione
1071 1162 1238 1245 gratiarum

32 1267 94 1331 288
117 1289 220 1334 rerum
243 1271 401 1351 gestarum
425 1265 616 1332 confirmatio
640 1267 823 1332 declaratur.
868 1287 927 1332 non
947 1269 1127 1332 dubitamus
1144 1265 1239 1352 igitur

119 1375 258 1439 omnium
289 1371 429 1437 fidelium
465 1373 608 1437 sensibus
644 1372 845 1456 patefactum,
883 1393 962 1455 quae
997 1365 1124 1439 uicariis
1158 1375 1238 1440 beati
1253 1399 1273 1439 ro

118 1499 215 1562 papae
242 1478 354 1543 Leonis
381 1480 450 1543 loco
479 1479 546 1542 cius
574 1478 691 1560 synodo
713 1479 929 1559 praesentibus
953 1480 991 1543 ab
1015 1479 1124 1544 eodem
1147 1481 1240 1544 fuerit

119 1585 392 1668 dispensandamm
414 1605 516 1650 rerum
538 1586 637 1649 forma
658 1585 804 1650 mandata
826 1588 878 1650 uel
900 1587 1007 1668 quales
1031 1586 1070 1650 ad
1092 1606 1239 1669 exequan-

119 1693 193 1756 dum
220 1692 413 1775 perceperint
439 1691 576 1755 actiones
603 1691 655 1755 nel
683 1709 760 1772 quae
788 1691 826 1754 ab
854 1691 909 1756 illo
941 1693 1076 1776 generali
1110 1693 1238 1759 concilio

118 1798 313 1880 praesidente
346 1816 380 1861 ac
413 1797 625 1861 consentiente
657 1816 711 1879 per·
742 1797 875 1862 nicarios
904 1816 978 1862 snos
1006 1799 1090 1890 sedis
1119 1803 1240 1882 aposto·

118 1905 197 1969 licae
228 1905 370 1987 praesule
402 1902 518 1968 fuerint
549 1903 734 1968 constituta:
770 1922 848 1985 quae
879 1923 979 1985 neque
1011 1903 1111 1968 minui
1143 1924 1241 1987 neque
1255 1927 1276 1968 a

119 2010 242 2094 augeri,
262 2029 361 2091 neque
393 2010 540 2093 perfringi
572 2027 671 2091 neque
702 2015 794 2090 posse
826 2010 873 2073 fas
905 2006 956 2073 est
986 2010 1024 2073 ab
1057 2011 1161 2097 aliquo
1196 2029 1241 2074 re-

118 2115 255 2201 tractari.
1093 2110 1097 2115 ’

34 2221 96 2286 289
163 2220 232 2286 Non
253 2220 347 2285 licere
370 2223 474 2285 autem
497 2219 690 2284 uenerandae
715 2220 972 2285 calchedonensis
996 2220 1105 2303 synodi
1125 2220 1242 2286 statuta

120 2327 255 2391 conuelli
273 2328 325 2390 uel
344 2325 485 2407 quolibet
503 2327 606 2391 colore
625 2345 680 2390 seu
698 2326 792 2390 titulo
810 2326 969 2390 retractari
985 2325 1242 2408 predecessorum

120 2434 294 2497 nostrorum
313 2451 412 2514 pauca
427 2432 463 2496 de
477 2432 646 2496 innumeris
660 2432 780 2515 prolata
794 2433 966 2496 constituta
979 2451 1034 2497 nos
1051 2432 1193 2511 edocent,
1209 2452 1243 2497 ex
1257 2457 1280 2499 ao

119 2538 206 2601 illius
229 2539 393 2620 praecipue
411 2538 495 2602 beati
514 2538 626 2602 Leonis
644 2537 875 2619 predecessoris
894 2539 991 2602 nostri
1010 2538 1165 2620 epistolis,
1181 2558 1242 2620 quo

120 2644 151 2707 in
169 2643 295 2707 nicariis
315 2644 381 2707 suis
401 2662 522 2707 summo
541 2643 683 2725 praesule
701 2644 806 2707 floruit
829 2647 971 2707 sanctum
991 2642 1243 2709 calchedonense

34 2759 98 2823 290
122 2740 297 2812 concilium.
326 2748 371 2812 ait
396 2767 528 2831 namque
555 2749 586 2812 in
611 2749 744 2829 epistola
766 2749 804 2812 ad
826 2747 895 2830 piae
917 2748 1084 2813 memoriae
1105 2749 1243 2815 Leonem

120 2854 300 2937 Augustum
336 2854 397 2918 ita:
434 2855 522 2919 haee
560 2858 681 2919 autem
720 2853 778 2918 dei
819 2872 967 2918 munera
1006 2853 1059 2917 ita
1100 2854 1244 2920 demum

122 2959 227 3025 nobis
264 2958 448 3024 diuinitus
486 2960 740 3037 conseruntur,
779 2959 811 3023 si
845 2959 890 3024 de
925 2958 998 3035 his,
1032 2978 1125 3041 quae
1157 2964 1284 3027 sunta

121 3065 318 3147 praestita,
346 3085 415 3130 non
442 3066 676 3130 inuen'iamur·
696 3065 835 3149 ingrati
860 3067 908 3142 et,
932 3068 1116 3146 tamquam
1141 3067 1244 3130 nulla

123 3171 199 3234 sint
221 3185 312 3253 quaa
336 3171 460 3253 adepti
484 3190 624 3246 sumus,
644 3171 830 3236 contraria
848 3171 974 3251 potius
994 3167 1242 3252 expectemus.

122 3296 205 3340 nam
241 3295 332 3358 quae
366 3277 558 3358 patefacta
594 3278 681 3340 sunt
716 3294 905 3358 quaerere,
942 3295 1035 3357 quae
1072 3277 1244 3358 perfecta

210 3466 245 3519 24
262 3465 359 3519 Leonis
379 3481 420 3534 ep.
441 3466 491 3518 162
509 3468 574 3518 torn.
592 3465 607 3518 I
625 3466 673 3519 col.
695 3466 761 3520 1339
781 3465 821 3518 ed.
840 3465 937 3519 Baller.

159 3591 175 3643 5
194 3588 227 3640 ab
252 3589 288 3640 V:
306 3587 338 3641 de
357 3589 416 3642 edel.
434 3589 535 3643 Leonis
607 3591 637 3644 11
652 3591 720 3658 fort.
741 3589 952 3658 praesidentibus
1005 3589 1106 3643 inerint
1124 3590 1156 3654 V,
1175 3605 1242 3643 corr.

122 3693 177 3730 raa.
194 3694 211 3726 α
266 3675 297 3729 18
311 3675 513 3730 calchedonensi
533 3677 645 3742 V‚'cor·r.
659 3679 728 3732 Bar.
784 3678 816 3731 19
832 3679 917 3731 colere
935 3677 965 3741 V,
979 3693 1074 3730 carra
1127 3677 1164 3731 24
1177 3692 1244 3745 qaae

123 3765 180 3817 iam
206 3770 354 3833 sequanmur
379 3765 464 3818 acerba
486 3782 518 3819 aa
536 3765 637 3819 Leonis
659 3766 780 3833 epistulas
802 3771 933 3832 excerpta,
952 3766 1044 3818 eadem
1062 3782 1095 3819 ecc
1107 3771 1192 3835 paria
1210 3764 1243 3818 ab

124 3852 226 3906 Istriae
243 3852 374 3919 eptacepa'e
391 3857 485 3906 contra
504 3854 706 3907 damnationem
724 3854 805 3906 trium
822 3854 1003 3922 capitulorum
1022 3853 1122 3907 adlata
1143 3853 1243 3921 repetit,

125 3941 172 4006 qui
190 3954 232 3993 eos
249 3939 371 4006 refutare
388 3940 626 4009 adsedet„Pelopius
639 3941 678 3993 II
687 3958 767 4010 papa
785 3943 815 3993 la
827 3941 947 3994 secunda
960 3942 1035 4008 epist.
1051 3942 1090 3995 ad
1101 3941 1198 3994 Elium
1210 3965 1243 3986 =

125 4027 223 4080 Menai
236 4028 283 4080 IX
299 4031 357 4080 435
400 4029 434 4081 25
453 4028 621 4081 conserentur
634 4028 692 4082 edd.
706 4028 807 4082 Leonas
851 4031 883 4082 27
904 4031 1055 4097 expetamus
1070 4029 1131 4084 edd.
1144 4028 1244 4083 Leonis

127 4115 161 4166 ‘28
178 4116 312 4183 patefacte
332 4116 362 4180 V,
382 4133 447 4171 corr.
467 4135 480 4168 e
