2904 4672
168 171 230 269 122
405 202 504 258 Leonis
519 203 541 260 Ι.
560 202 593 257 de
611 203 691 258 rebus
708 176 895 258 Alexandrinis
913 203 1045 273 epistulae

120 399 198 470 2et
232 416 306 482 grex
344 397 520 464 ostenditur
551 416 653 463 amare
683 401 852 480 pastorem.
930 397 1112 463 solliciti
1152 415 1227 482 ergo
1257 398 1291 462 in

164 503 311 581 inuicem,
344 503 428 568 sicut
458 506 620 587 apostolus
652 503 707 580 ait,
744 522 907 569 seruare
936 503 1134 568 unitatem
1166 504 1290 589 spiri·

165 611 231 674 tus
253 609 292 674 in
314 610 477 675 uinculo
501 611 613 694 pacis
636 613 798 694 properate
827 609 866 673 ad
897 609 1036 674 fructum
1068 611 1191 674 uestrae
1223 629 1291 695 per·

164 714 271 780 neuim
291 715 469 798 patientiae.
494 715 569 799 quid
592 715 675 780 enim
707 714 833 800 dignius
866 717 922 779 ant
952 715 1035 780 nelle
1066 715 1201 797 potestis
1237 718 1293 781 ant

166 838 268 904 agere,
292 836 385 902 quam
411 823 449 885 ut
479 821 647 886 auxiliante
678 820 728 885 dci
759 820 861 905 gratia
891 819 1113 905 gloriosissimi
1142 820 1292 905 principis
1320 845 1333 886 e

163 925 225 990 fide
248 925 287 990 ad
309 925 486 1011 profectum
509 925 718 991 solidissimae
748 926 836 1009 pacis
868 925 1001 990 utamini
1032 929 1153 990 remota
1182 927 1294 1008 procul

165 1050 201 1096 ea
222 1032 334 1111 bestia,
359 1050 438 1115 quae
460 1032 585 1098 uineam
607 1032 810 1115 plantationis
834 1030 1018 1110 dominicae,
1042 1030 1126 1096 sicut
1148 1031 1291 1113 psalmus

119 1137 367 1220 3prcpheticus
405 1137 498 1214 canit,
537 1137 688 1221 singulari
727 1137 851 1202 feriute
891 1136 1062 1201 uastabat?
1104 1137 1178 1220 quia
1218 1156 1290 1222 ergo

163 1244 195 1307 in
237 1243 315 1308 ouili
356 1242 510 1307 dominico
546 1260 603 1307 nec
633 1243 739 1307 furum
774 1242 838 1307 iam
874 1238 1007 1307 insidiae
1043 1261 1100 1308 nec
1131 1244 1291 1309 latronum

164 1349 315 1420 timentur
335 1347 490 1426 incursus,
514 1348 621 1413 redeat
642 1347 832 1413 uniuersites
854 1350 961 1413 uestra
981 1347 1014 1412 in
1038 1348 1236 1414 concordiam
1259 1355 1291 1419 ut
1307 1377 1331 1418 ro

163 1453 345 1539 magisterio
368 1453 508 1537 spiritus
523 1454 624 1520 sancti
654 1454 721 1519 illa'
740 1454 772 1519 in
805 1453 950 1519 omnibus
982 1454 1087 1520 unitas
1119 1459 1290 1541 expetatur,

165 1564 293 1643 propter
317 1580 410 1645 quam
433 1561 511 1627 dicit
532 1562 711 1643 apostolus:
735 1580 808 1627 non
832 1579 1039 1644 quaerens,
1065 1561 1167 1645 quod
1195 1561 1291 1627 mihi

164 1666 272 1732 utile
295 1669 367 1745 est,
391 1667 459 1733 sed
483 1667 583 1750 qnod
604 1667 758 1746 multis,
781 1669 826 1732 nt
848 1666 956 1731 salui
978 1665 1094 1731 fiant.
1121 1666 1154 1731 id
1185 1667 1292 1750 ipsum

166 1771 273 1838 dicent
294 1777 329 1837 et·
349 1773 486 1838 sentiant
508 1792 625 1852 omues,
640 1774 728 1838 nulla
741 1773 805 1838 sint
818 1791 969 1838 sensnum
982 1772 1293 1858 disputationumque

164 1878 351 1944 certamina:
376 1878 459 1962 quod
481 1897 583 1961 nsque
607 1879 646 1944 ad
669 1879 840 1945 catholicos
862 1879 1023 1962 praesules
1041 1878 1073 1943 in
1087 1879 1294 1944 Alexandrina
1309 1909 1331 1951 1⁵

165 1983 299 2050 ecclesia
326 1984 474 2066 discipuli
499 1984 644 2049 ueritatis
668 1984 843 2050 didicerunt
865 1987 959 2067 atque
982 1984 1163 2060 docuerunt,
1184 1985 1294 2050 eadem

166 2109 184 2154 a
220 2090 343 2155 cunetis
380 2089 527 2155 fidelibus
565 2090 761 2156 confessione
799 2094 970 2175 promatur,
1002 2089 1075 2174 quia
1109 2090 1294 2157 uarietatem

109 2215 142 2278 14
165 2195 294 2273 ueritas,
318 2214 397 2278 quae
421 2198 469 2261 est
492 2196 624 2279 simplex
646 2199 740 2279 atque
768 2216 839 2275 una,
872 2215 932 2262 non
963 2196 1084 2279 recipit.
1152 2197 1181 2262 si
1213 2216 1292 2280 quos

165 2305 270 2366 autem
293 2301 464 2367 cuiuslibet
486 2301 603 2368 ordinis
627 2301 821 2368 Christianos
844 2302 942 2385 impia
963 2301 1192 2368 haereticorum
1222 2321 1292 2368 con·

163 2407 329 2473 turbauere
359 2407 531 2485 mendacia,
564 2408 603 2473 ad
635 2407 859 2474 satisfactionis
891 2407 1029 2473 remedia
1059 2411 1228 2491 prouocato
1261 2412 1293 2473 ct
1308 2445 1331 2486 ,ο

161 2513 194 2579 in
218 2512 330 2596 spiritu
353 2513 603 2580 mansuetndinis
625 2533 697 2580 cum
715 2514 909 2598 benignitate
928 2513 1084 2597 corripite,
1104 2513 1187 2595 quia,
1208 2514 1293 2579 sicut

163 2618 208 2683 ait
229 2618 341 2684 beatus
370 2621 533 2702 apostolus
562 2620 686 2698 Petrus,
717 2639 790 2686 non
822 2620 957 2685 tardat
987 2619 1169 2695 dominns
1202 2638 1291 2702 pro·

161 2725 328 2791 missum
367 2725 435 2790 sed
473 2727 680 2809 patienter
718 2725 803 2810 agit
838 2727 1003 2810 propter
1033 2743 1117 2803 uos,
1149 2727 1290 2792 nolens

160 2830 322 2914 aliquos
359 2831 491 2914 perire
529 2831 597 2897 sed
630 2850 762 2903 omnes
795 2832 840 2897 ad
869 2830 1164 2914 paenitentiam
1197 2851 1290 2897 con*-

160 2937 278 3002 nerti.
311 2938 467 3021 agendum
500 2956 574 3023 ergo
606 2941 665 3014 est,
697 2957 735 3003 ne
767 2937 937 3003 difficultas
964 2937 1074 3002 ueniae
1097 2938 1289 3003 curationem
1306 2976 1331 3018 ,ὅ

158 3042 256 3108 iaciat
277 3041 456 3108 tardiorem.
522 3043 605 3108 Data
625 3042 695 3112 XV.
718 3043 788 3111 Kal.
814 3043 899 3129 Sept
924 3043 1039 3127 Magno
1063 3045 1095 3108 et
1120 3042 1288 3125 Apollonio

158 3166 262 3214 conse.
974 3165 976 3170 ’

247 3341 261 3394 1
280 3338 349 3409 Eph.
367 3341 393 3406 4,
412 3341 429 3395 e
450 3312 452 3317 ⁴
486 3339 503 3394 a
523 3341 555 3396 ef.
574 3341 672 3396 esaim.
693 3341 737 3407 re,
755 3342 789 3396 14
843 3343 876 3397 12
895 3308 955 3398 coe.
974 3343 988 3397 1
1008 3341 1048 3407 ιο,
1067 3340 1102 3396 ea
1161 3341 1195 3394 22
1214 3340 1285 3394 ree.

156 3426 228 3491 113,
247 3429 263 3482 e

191 3550 368 3625 &properate
382 3549 420 3622 9²:
439 3554 617 3624 prosperitate
634 3553 669 3621 V;
686 3560 749 3624 post
765 3558 906 3625 proparate
922 3553 1022 3610 Suetus
1039 3557 1071 3607 nt
1088 3552 1198 3623 possitis
1218 3551 1287 3605 addi

154 3639 218 3693 uuit
283 3639 375 3696 afile
398 3632 430 3707 V,
449 3657 521 3697 corr.
540 3641 568 3694 οἳ
631 3642 790 3698 iifuturnm
814 3643 845 3709 V,
868 3641 982 3713 comp²
1051 3642 1149 3696 insidie
1170 3657 1202 3696 cn
1219 3641 1283 3695 insi-

156 3724 208 3781 due
230 3727 257 3781 V
309 3729 343 3782 14
359 3743 466 3783 sensum
489 3730 522 3797 V,
539 3746 607 3786 corr.
626 3728 654 3782 ο2
717 3730 749 3786 18
767 3727 933 3801 symplexV
994 3730 1026 3784 19
1045 3726 1286 3784 conturbabereV

155 3813 191 3869 20
208 3820 352 3885 prouocato
372 3814 399 3886 ρ2
415 3823 441 3872 ct
458 3815 520 3872 Sur.
534 3819 566 3871 s'ra
583 3835 681 3888 marg:
699 3819 835 3889 probitate
853 3817 880 3872 V
930 3819 962 3872 21
981 3818 1106 3888 spiritum
1126 3817 1156 3883 V,
1175 3832 1242 3872 corr.
1257 3813 1282 3866 ο2

154 3903 190 3958 23
209 3904 268 3974 agit
285 3903 363 3959 Sua:
381 3907 421 3958 ait
444 3905 470 3960 V
