2904 4672
180 251 243 316 362
347 247 476 306 JGelasius
494 249 514 303 1.
535 251 627 303 contra
643 250 815 320 Pelagianam
833 252 964 306 haeresim
983 250 1016 331 ad
1034 249 1148 304 Picenus
1172 235 1175 239 ’

178 445 267 508 Iesus
288 441 432 508 Christus
451 443 579 508 caelesti
597 463 674 508 uoce
698 434 891 526 pronuntiat:
916 443 982 526 qui
1004 463 1077 508 non
1099 444 1306 509 manduea-

179 549 284 614 uerit
316 569 469 613 carnem
500 548 581 612 filii
615 548 788 615 hominis
822 553 860 614 et
890 549 1041 614 biberit
1074 548 1309 634 sanguinem

180 654 277 733 eius,
302 675 374 720 non
406 655 573 719 habebit
604 655 730 718 uitam
760 655 797 719 in
831 658 956 720 semet
986 655 1085 738 ipso.
1114 654 1169 719 ubi
1197 655 1307 736 utique

179 756 332 827 neminem
369 760 512 826 uidemus
549 764 712 842 exceptum
747 780 805 826 nec
844 779 939 825 ausus
980 764 1029 824 est
1066 759 1163 842 aliqui
1204 760 1308 825 dicere

179 868 345 950 paruulum
377 867 444 930 sine
476 867 534 931 hoc
567 869 758 931 sacramento
791 867 920 931 salutari
952 866 992 930 ad
1023 869 1179 931 aeternam
1206 866 1337 930 uitama

178 992 272 1056 posse
306 971 450 1056 perduoi3
492 971 559 1037 sine
598 972 654 1036 illa
685 975 791 1037 autem
821 972 889 1036 uita
919 972 950 1036 in
981 974 1130 1054 perpetua
1164 971 1308 1036 futurum

128 1075 276 1171 l5morte
293 1100 352 1145 non
367 1080 497 1145 dubium
515 1083 573 1144 est.
616 1099 672 1144 our
689 1080 787 1164 igitur
803 1079 904 1144 infans
923 1080 981 1143 hao
1000 1082 1082 1143 sorte
1101 1061 1307 1156 concluditur,

178 1186 206 1250 si
233 1186 354 1260 nullum
382 1186 477 1251 habet
504 1185 628 1250 omnino
656 1187 821 1269 peccatum
844 1185 1009 1270 magisque
1032 1183 1200 1251 uidebitur.
1223 1183 1307 1265 quod

177 1293 285 1369 absit.
302 1292 441 1360 iniustus
474 1291 561 1365 deus,
589 1291 622 1356 ai
652 1291 718 1356 illio
745 1291 904 1376 infligatur
930 1310 1038 1373 poena,
1066 1290 1121 1354 ubi
1148 1290 1237 1353 nulla
1265 1289 1307 1353 sit

142 1428 144 1431 v
177 1397 291 1479 eulpa?
324 1396 406 1460 unda
443 1414 515 1460 oum
547 1395 584 1460 da
617 1395 751 1479 propriis
784 1395 906 1459 actibus
934 1394 1020 1458 nullo
1047 1397 1135 1458 reatu
1162 1396 1307 1459 teneatur
1324 1421 1346 1460 ro

71 1531 74 1535 ·
176 1502 357 1581 obstrictus,
381 1501 460 1566 nihil
481 1504 589 1574 restat,
613 1501 680 1566 nisi
697 1506 734 1566 ut
756 1502 824 1566 sola
847 1501 890 1567 sit
912 1500 1029 1565 uitiosa
1051 1499 1218 1564 natiuitate
1241 1500 1305 1582 pol·

174 1611 272 1683 lutus,
314 1611 347 1672 et
387 1607 414 1672 si
453 1627 513 1672 nou
554 1607 650 1673 fuerit
684 1607 826 1690 mysterii
862 1606 1030 1672 Christiani
1065 1607 1306 1688 participatione

174 1695 355 1793 mundatus
379 1713 418 1777 ad
441 1714 538 1778 uitam
562 1733 621 1778 non
640 1716 746 1796 potest
764 1712 924 1795 peruenire
943 1714 1135 1794 perpetuam.
1154 1712 1228 1775 bino
1247 1714 1305 1788 ost,

175 1821 258 1913 quod
289 1820 492 1885 exsufflantur
518 1825 550 1886 et
577 1820 810 1885 catechizantur
837 1819 981 1897 infantes,
1004 1823 1041 1882 ut
1064 1818 1137 1899 quia
1158 1816 1191 1881 in
1215 1836 1306 1900 opero

175 1927 233 2000 dei,
263 1944 323 2008 quo
351 1927 383 1991 in
412 1929 539 1991 auctore
567 1946 624 1991 suo
652 1926 729 1990 bene
758 1929 832 1990 sunt
853 1926 1004 2004 instituti,
1028 1943 1107 2007 opus
1131 1908 1304 1989 diabolicae
1322 1949 1344 1990 a

173 2033 380 2115 malignitatis
403 2033 547 2110 accessit,
572 2033 653 2097 eruti
677 2032 718 2096 de
741 2033 931 2114 potestate
950 2031 1201 2108 tenebrarum,
1221 2030 1305 2095 siout

115 2149 139 2162 ’·
174 2138 265 2206 docet
287 2140 459 2222 apostolus,
483 2138 521 2203 ad
543 2137 601 2202 filii
625 2138 674 2202 dei
697 2141 814 2203 sortem
832 2137 1110 2223 purgationemque
1127 2136 1302 2218 legitimam

122 2239 405 2310 ltitr'ansferantur.
456 2243 517 2308 nisi
540 2247 645 2308 autem
663 2244 763 2326 prima
781 2243 949 2328 generatio,
973 2261 1067 2323 quam
1088 2242 1202 2306 bonam
1226 2241 1303 2306 deus

172 2349 322 2429 instituit,
354 2343 619 2433 praeuaricatione
651 2348 792 2414 uenisset
821 2349 853 2413 in
885 2347 1009 2431 culpam
1041 2350 1073 2412 et
1098 2348 1302 2431 reprobabilis

172 2461 258 2522 esset
284 2458 403 2535 effecta,
434 2456 570 2521 secunda
594 2456 751 2540 generatio
777 2455 972 2538 subroganda
994 2472 1052 2518 nou
1076 2455 1188 2519 fuerat.
1212 2473 1302 2538 prop·
1319 2481 1342 2521 ao

179 2565 227 2626 tei·
254 2562 337 2644 quod
365 2563 441 2626 dicit
466 2563 578 2627 beatus
605 2562 723 2627 Paulus
751 2563 929 2645 apostolus:
964 2561 1063 2626 sicut
1092 2579 1170 2643 per*
1191 2580 1302 2624 unum
1368 2545 1369 2548 ¹

178 2669 361 2732 hominem
389 2671 582 2750 peceatum
609 2666 768 2732 intrauit
795 2668 830 2731 in
857 2667 1028 2732 mundum
1061 2669 1097 2730 et
1128 2685 1192 2749 per
1222 2685 1301 2750 peo-

177 2777 299 2838 oatum
325 2792 438 2851 mors,
467 2775 502 2838 et
528 2774 582 2838 ita
604 2775 646 2837 in.
664 2793 788 2839 omnes
811 2773 979 2838 homiues
1002 2773 1241 2855 pertransiit,
1265 2772 1299 2835 in

176 2898 245 2960 quo
279 2863 404 2943 omnes
435 2883 700 2961 peccauerunt,
735 2881 767 2943 et
796 2879 890 2961 paulo
922 2880 1010 2962 post:
1042 2877 1164 2962 igitur
1200 2877 1299 2942 siout

172 3004 238 3067 per
260 2985 371 3049 unius
396 2984 576 3050 delictum
598 2985 632 3049 in
658 3004 780 3051 omnes
804 2985 970 3050 homines
993 2984 1030 3048 in
1049 2982 1298 3048 condemnati·
1315 3009 1340 3049 ae

172 3109 290 3169 onom,
320 3090 376 3155 sio
404 3093 440 3154 et
467 3109 530 3173 per
557 3090 666 3156 unius
695 3091 886 3156 iustitiam
912 3092 949 3155 in
978 3107 1102 3154 omnes
1131 3087 1297 3152 homines

170 3193 206 3258 in
228 3194 553 3260 iustificationum
575 3195 688 3260 uitae.
711 3195 794 3260 sicut
812 3198 918 3260 autem
937 3213 1060 3259 omnes
1079 3194 1114 3256 in
1133 3192 1297 3257 condem·

170 3299 355 3365 nationem
379 3299 456 3364 dicit
478 3300 597 3382 utique,
621 3305 675 3382 qui
698 3301 736 3365 de
759 3301 858 3365 Adam
882 3302 1008 3383 parente
1032 3300 1105 3364 suut
1123 3297 1232 3382 geniti‚'
1253 3299 1297 3364 sio

175 3404 301 3471 omnes
333 3408 369 3471 in
400 3406 716 3472 iustificationem
743 3408 845 3472 uitae
873 3426 932 3472 non
962 3406 1023 3471 nisi
1049 3405 1122 3469 illos
1150 3404 1296 3484 adstruit,

259 3655 446 3719 1101.6‚54
509 3657 541 3711 16
562 3655 662 3719 coll,
683 3657 715 3710 13
766 3656 810 3710 al
829 3656 905 3710 Rom.
925 3653 949 3720 5,
971 3655 1002 3708 12
1066 3656 1100 3708 24
1119 3654 1240 3720 Rom.5‚
1265 3655 1295 3709 18

204 3779 220 3832 3
244 3778 331 3847 ipsum
359 3778 390 3842 V,
412 3795 480 3832 corr.
503 3779 581 3832 Thiel
603 3779 750 3834 seeundum
772 3780 919 3850 Vulqatam
943 3779 987 3847 (of.
1007 3795 1038 3847 p.
1059 3781 1125 3840 363,
1145 3782 1181 3832 21
1205 3784 1229 3832 et
1250 3781 1295 3847 29)

61 3880 63 3883 ’
168 3866 309 3935 4ε1ἱᾳείε
329 3867 406 3936 (corr.
427 3884 460 3921 ec
478 3868 569 3932 alicui)
589 3866 616 3918 0²
701 3870 734 3922 14
753 3869 914 3922 exsulantur
935 3868 961 3921 V
1064 3866 1294 3929 catetizarlturV,

169 3971 237 4009 corr.
251 3945 284 4026 Ιρ2
341 3959 372 4009 ut
388 3956 500 4024 scripsi:
519 3959 546 4010 et
568 3955 619 4010 Vo²
665 3956 697 4011 15
717 3973 768 4026 quo
788 3955 815 4008 o²
835 3955 928 4011 lutet:
947 3955 1018 4026 quod
1041 3955 1067 4009 V
1119 3959 1243 4010 auctores
1265 3955 1294 4017 Γ,

169 4058 271 4097 corae
344 4045 376 4096 17
399 4044 514 4097 filiorum
533 4043 572 4114 p²⁴
632 4045 664 4098 18
691 4044 888 4098 transferuntur
904 4043 934 4096 ε1
1019 4045 1104 4119 primo
1127 4044 1159 4108 V,
1183 4060 1251 4099 corr.
1271 4041 1296 4094 ε2

170 4131 204 4184 28
221 4134 362 4200 parentaes
381 4132 515 4201 unigeniti
537 4131 568 4197 V,
587 4126 654 4188 corui
673 4132 701 4184 ο2
753 4134 787 4188 29
806 4132 954 4187 adstruitur
976 4132 1008 4194 V.
1026 4148 1095 4188 corr.
1116 4150 1129 4203 ρ
