2904 4672
606 237 691 306 Epist.
710 235 794 291 Lm
812 237 906 291 9-11.
1255 242 1317 304 169

195 436 249 491 τοῦ
272 425 436 514 ἀγροίκους
461 431 477 494 ό
501 428 566 513 ἐμοι
588 430 653 493 λίαν
675 433 776 514 πρέπει
798 431 979 493 ἀπείπασθαι
1000 433 1050 494 καί
1071 430 1227 515 κλαυθμόν
1251 412 1316 494 δοῦ-

195 551 244 594 ναι
265 530 390 606 ἐπαξίως
411 545 467 598 τῶν
491 532 536 597 ἐπί
556 536 648 617 τούτῳ
672 534 899 618 διασυλωμένων
922 531 1128 617 ἁπλουστέρων
1144 538 1246 621 ψυχῶν
1260 547 1317 599 τιῦν

196 636 229 696 τό
263 633 369 720 ἀσεβὲς
403 635 445 710 ίυς
478 633 597 722 εύσεβὲς
628 635 958 723 δραματουργησάντων.
982 637 1034 710 ούς
1064 657 1114 702 καί
1145 637 1318 724 ἀλλοτρίους

195 732 353 825 ἡγούμεθα
380 753 433 829 τῆς
465 740 629 828 δρθοδόξου
652 747 781 814 πίστεως
807 746 857 805 καί
885 751 938 828 τῆς
966 745 1135 828 καθολικῆς
1158 741 1317 830 ἐκκλησίας

159 849 247 913 σκαί
267 856 321 932 τῆς
341 851 494 920 κοινωνίας
515 856 566 911 τοῦ
588 845 672 934 ἡμῶν
699 844 864 932 ἡγουμένου
895 845 1013 920 ἐνδόξου
1035 848 1180 932 προέδρου
1202 845 1316 930 Πέτρου

196 961 247 1015 τοῦ
258 955 312 1023 τὰς
326 953 407 1024 κλεῖς
420 962 474 1038 τῆς
489 953 639 1035 βασιλείας
653 955 733 1036 παρὰ
743 961 794 1014 τοῦ
809 959 944 1035 σωτῆρος
958 947 1043 1036 ἡμῶν
1059 949 1224 1037 εἰληφότος.
1243 948 1270 1013 οἱ
1286 951 1317 1012 δὲ
1330 952 1369 1014 10

195 1065 247 1119 τοῦ
281 1053 447 1120 ἀποστόλου
481 1056 619 1126 θέλοντες
653 1053 723 1118 εἶναι
754 1057 887 1118 κοινωνοί
920 1051 1038 1133 ἄγονται
1064 1056 1115 1116 καί
1142 1061 1178 1140 τῇ
1207 1055 1316 1142 διδαχῇ

196 1155 286 1223 αύτοῦ
307 1171 358 1225 τοῦ
379 1161 427 1222 τόν
443 1157 567 1244 Χριστόν
584 1159 704 1246 φάσκειν
726 1161 777 1222 καί
798 1159 936 1221 πιστεύειν
960 1155 996 1219 δι’
1011 1153 1092 1243 ἡμᾶς
1112 1163 1318 1245 σταυρωθέντα

167 1337 168 1340 γ
195 1267 247 1328 καί
285 1266 324 1350 μὴ
360 1272 461 1326 τοῦτον
499 1262 739 1348 ἀπαρνήσασθαι,
771 1260 810 1336 ὣς
842 1265 892 1324 καί
918 1259 934 1325 ό
962 1259 1069 1347 ἀρτίως
1105 1267 1318 1350 καθρρημένυς

152 1397 178 1436 ιο
199 1366 312 1453 Πέτρος
330 1368 382 1448 ,διὰ
402 1370 434 1431 τό
458 1365 629 1449 ἀλλοκότως
650 1371 702 1431 καί
716 1368 868 1453 δυσμενῶς
883 1365 912 1430 ἐν
929 1376 970 1452 τῲ
985 1372 1120 1451 τρισαγίῳ
1143 1388 1317 1453 προσκεκοι-

197 1477 389 1559 νοτομηκέναι
418 1474 452 1536 τό
482 1469 498 1536 ό
529 1473 711 1556 σταυρωθείς
738 1467 777 1534 δι’
805 1466 896 1557 ἡμᾶς,
929 1470 1039 1542 είδότες
1068 1471 1111 1534 ότι
1144 1467 1178 1535 ού
1214 1471 1318 1555 τριάδα

198 1579 279 1661 παρὰ
297 1587 353 1639 τῶν
383 1574 554 1640 ἀποστόλων
582 1574 803 1658 σταυρωθεῖσαν
833 1576 1046 1661 παρεδέξασθε,
1076 1572 1110 1640 ού
1139 1579 1259 1660 πατέρα,
1283 1568 1317 1637 ού

198 1689 312 1765 πνεῦμα
333 1677 424 1763 άγιον,
447 1679 472 1743 εί
495 1682 534 1766 μὴ
558 1683 645 1764 σαρκὶ
666 1682 714 1742 τόν
737 1678 797 1746 υἱόν
812 1691 863 1745 τοῦ
879 1683 952 1744 θεοῦ
967 1684 1016 1743 τόν
1032 1688 1172 1765 μονογενῆ
1189 1683 1318 1766 μονιύται

197 1803 255 1847 τον.
288 1786 407 1871 φεύγετε
440 1788 534 1849 τοίνυν
568 1783 625 1847 ἀπό
658 1793 712 1869 τῆς
745 1786 906 1869 δυσμενοῦς
938 1787 1041 1849 τούτου
1073 1788 1236 1864 κοινωνίας,
1269 1781 1368 1846 καί11

154 1885 304 1971 τείσομαι
326 1874 406 1974 ύμων
428 1891 577 1969 κοινωνός,
600 1891 708 1951 καθότι
728 1892 778 1951 καί
800 1884 883 1972 ύμεῖς
909 1887 983 1972 ἐμοὶ,
1005 1899 1056 1953 τοῦ
1087 1889 1210 1971 δολεροῦ
1240 1889 1317 1973 φάσ-

200 2013 293 2077 ματος
329 1986 428 2076 πόῤῥω
466 1987 547 2076 ύμιῦν
583 2000 653 2077 τῆς
672 1991 848 2078 όρθοδοξίας
890 1991 1135 2079 ἐκπεπρδηκότος·
1173 1988 1318 2078 φυλάξατε

198 2093 327 2180 Χριστοῦ
351 2098 491 2180 μαθηταί,
511 2093 583 2180 ἐμοῦ
599 2097 633 2160 δὲ
654 2094 719 2181 υἱοί,
741 2099 794 2168 τάς
809 2098 997 2182 παραδόσεις,
1014 2097 1050 2168 ἀς
1064 2095 1244 2180 παρελάβετε
1260 2092 1321 2158 ἀπό

198 2210 255 2264 των
278 2202 367 2263 θείων
389 2210 519 2288 γραφῶν.

237 3259 250 3312 1
270 3259 387 3330 πλαθμόν
405 3259 442 3329 gh
500 3260 516 3312 2
534 3259 615 3313 τούτω
635 3275 695 3312 aeos
714 3259 809 3311 τούτων
829 3276 854 3328 g,
873 3259 983 3312 τοῦτοί]
1036 3259 1052 3314 8
1071 3259 1148 3312 αὐτοῦ
1167 3276 1213 3312 eo:
1230 3258 1320 3312 τούτου

200 3348 255 3417 agh
317 3348 350 3402 10
368 3347 465 3419 Πέτρος
485 3345 689 3413 διαλλυκότωςα
759 3345 785 3398 ἐν
802 3350 838 3420 τῷ
857 3346 976 3418 τρισαγίῳ
995 3364 1045 3402 om.
1066 3364 1084 3401 a⁴
1153 3347 1182 3400 11
1204 3346 1217 3398 ό
1236 3362 1285 3400 om.
1305 3363 1321 3399 a

201 3436 235 3489 12
253 3435 432 3506 παραδέξαέθε
450 3436 476 3501 h,
495 3436 670 3507 παρεδέξασθε
689 3452 721 3490 απ
738 3434 933 3506 παραδέξασθαι
950 3452 1016 3490 σοιν.
1036 3452 1144 3505 gman.
1164 3439 1184 3489 2
1248 3436 1280 3490 13
1299 3433 1321 3486 εί

201 3523 237 3594 μὴ
256 3539 337 3592 aeog:
355 3523 440 3594 είμίίι
512 3525 544 3578 14
562 3525 606 3576 καί
621 3521 713 3596 ’ἔσομαι
731 3522 800 3595 ὑμῶν
819 3523 941 3585 κοινωνός
959 3541 1009 3578 om.
1028 3541 1044 3578 a
1129 3524 1161 3577 15
1180 3522 1271 3594 ἔσομαι
1289 3540 1321 3576 ex

201 3609 300 3683 ἐ’σωμαι
320 3629 334 3664 υ
353 3615 465 3666 mam
519 3613 552 3667 16
570 3609 681 3682 ἡμωνο
1326 3617 1331 3631 ’
