2904 4672
174 244 235 307 128
322 206 324 210 Ι
544 237 675 308 Simplicii
692 253 777 307 papae
796 237 927 307 epistulae

171 433 401 518 ligarenturin
429 433 529 505 terris,
559 432 640 498 solui
668 435 803 497 testatus
831 436 965 497 estnon
993 452 1086 516 posse
1115 453 1172 498 nec
1201 435 1299 499 caelo.

120 544 361 626 10quaprcpter
401 541 599 605 clementiam
639 543 788 616 uestram,
818 540 869 602 cui
901 559 970 604 mea
1011 540 1079 604 uice
1111 540 1299 623 propensius

171 648 267 713 frater
289 650 321 712 et
343 647 547 728 coepiscopus
571 665 659 710 meus
683 646 818 711 Aeacius
842 645 1042 728 supplicabit,
1066 664 1176 728 precor
1205 649 1300 726 atque

173 755 311 831 obsecro,
337 757 373 818 ut
389 753 563 817 imitatores
586 752 661 816 facti
685 754 843 816 tantorum
866 755 897 814 et
924 752 1036 815 talium
1062 771 1300 834 praecessorum

173 860 321 925 nefandae
339 859 602 942 praesumptionis
622 858 776 940 operarios
796 858 948 922 catholico
967 861 1092 938 pectore
1115 861 1300 939 respuentes
1331 880 1344 918 a

171 969 259 1050 regia
280 965 431 1030 censeatis
454 967 609 1048 potestate
637 965 784 1029 cohiberi.
821 964 962 1051 quisquis
986 964 1081 1037 aliud,
1106 964 1190 1028 sicut
1213 983 1300 1048 prae·

175 1071 251 1137 dixit
291 1073 461 1154 apostolus,
498 1073 713 1153 praeterquam
754 1070 930 1151 accepimus
968 1070 1119 1135 seminare
1156 1071 1300 1144 molitur,

174 1177 339 1243 anathema
368 1177 419 1241 sit.
450 1177 557 1241 nullus
587 1176 626 1240 ad
655 1195 745 1241 aures
772 1179 894 1240 uestras
926 1175 1108 1257 perniciosis
1138 1176 1300 1240 mentibus

173 1282 366 1365 subripiendi
392 1282 546 1364 pandatur
572 1300 727 1360 accessus,
751 1282 838 1346 nulla
863 1280 1050 1345 retractandi
1073 1282 1234 1366 quippiam
1262 1283 1301 1346 dc

173 1389 331 1454 ueteribus
363 1389 542 1455 constitutis
571 1389 686 1453 fiducia
716 1387 912 1462 concedatur,
944 1386 1026 1468 quia,
1058 1388 1141 1454 sicut
1169 1389 1300 1470 saepius
1323 1409 1346 1446 ro

172 1494 347 1560 iterandum
377 1497 435 1573 est,
461 1494 544 1577 quod
574 1494 755 1576 apostolicis
785 1493 930 1558 manibus
954 1512 1024 1556 cum
1053 1495 1202 1559 ecclesiae
1229 1495 1302 1558 urri-

173 1602 305 1666 ucrsalis
324 1600 459 1665 adsensu
474 1600 538 1665 acie
557 1601 673 1666 meruit
690 1601 887 1685 euangelicac
901 1601 991 1666 lalcis
1011 1600 1141 1677 abscidi,
1156 1600 1300 1684 uigorem

174 1726 296 1772 sumere
314 1726 375 1772 non
392 1711 498 1792 potest
516 1708 696 1773 renascendi
714 1726 770 1773 nec
788 1708 818 1772 in
839 1708 1011 1773 dominicae
1029 1707 1104 1771 uitis
1128 1706 1302 1770 fructiuam

172 1814 259 1878 ualet
279 1813 377 1878 redire
400 1814 611 1898 propaginem,
631 1813 713 1897 quod
730 1814 797 1897 igni
816 1813 999 1896 deputatu-m
1019 1815 1142 1878 constat
1164 1816 1301 1880 aeterno.

174 1918 220 1983 sic
241 1918 405 1983 haeresum
433 1918 563 2000 denique
591 1919 839 1984 machinamenta
865 1922 1046 1984 cunctarum
1074 1919 1301 1985 ecclesiasticis
1320 1941 1346 1980 rr

173 2027 328 2106 prostrata
368 2025 500 2090 decretis
542 2044 713 2107 numquam
754 2025 899 2091 sinuntur
941 2025 1180 2111 oppugnationis
1221 2026 1302 2091 elisa

124 2135 313 2212 llreparare
337 2131 513 2195 certamina.
560 2133 631 2195 ante
654 2130 757 2195 omnia
775 2134 880 2196 antem
899 2150 1024 2213 quaeso,
1043 2134 1081 2197 ut
1098 2133 1180 2198 beati
1200 2133 1302 2198 Marci

174 2236 387 2321 euangelistae
408 2237 496 2301 sedes
514 2235 766 2322 (Alexandrinam
783 2237 894 2320 loquor
912 2237 1088 2322 ecclesiam)
1107 2259 1124 2302 a
1148 2240 1302 2304 cruentis·

174 2343 246 2408 simi
267 2342 431 2425 praedonis
454 2342 654 2409 incubatione
671 2343 803 2408 liberata
831 2343 983 2409 catholico
1012 2344 1197 2407 reformetur·
1220 2344 1300 2406 anti-

174 2449 242 2514 stiti
272 2449 509 2531 libertatemque
537 2467 625 2512 suam
653 2449 767 2530 pariter
788 2448 919 2530 recipiat
940 2451 972 2513 et
994 2449 1141 2530 quietem.
1166 2450 1199 2511 at
1221 2466 1299 2513 nero
1318 2472 1344 2510 ro

172 2555 332 2638 improbus
366 2553 527 2636 parricida,
560 2555 613 2636 qui
650 2554 764 2619 diuinis
797 2555 893 2618 simul
924 2573 995 2617 reus
1028 2557 1077 2617 est
1108 2553 1232 2637 legibus
1267 2558 1301 2618 et

173 2661 328 2739 humanis,
351 2662 500 2726 reductus
524 2660 642 2736 eodem,
668 2680 727 2743 quo
751 2661 818 2725 iuro
845 2661 947 2726 fuerat
974 2663 1044 2724 ante
1073 2660 1229 2735 detrusus,
1259 2659 1299 2722 ab

261 2906 277 2959 6
297 2902 329 2958 cf.
349 2901 407 2958 Gal.
427 2903 450 2968 1,
470 2903 487 2956 8

210 3045 397 3115 liegarentur
414 3044 441 3096 Β
515 3044 572 3106 <in>
585 3043 657 3114 caelo
676 3044 746 3097 Bur.
809 3043 985 3097 dclcmeutia
1008 3041 1034 3095 V
1100 3042 1251 3111 propinsius
1270 3043 1303 3095 Β

172 3133 373 3204 dsupplicanit
395 3132 453 3197 VB,
473 3148 538 3186 corr.
562 3132 623 3186 Car.
660 3133 727 3185 rut
745 3148 793 3186 om.
813 3130 841 3183 Β
894 3133 921 3184 et
939 3131 974 3187 V:
994 3147 1024 3184 ac
1041 3130 1069 3182 Β
1105 3128 1255 3198 5nelunde
1276 3129 1302 3180 1’

172 3221 297 3293 operario
311 3221 338 3273 Β
409 3220 621 3274 bsenseatisV
690 3218 837 3290 supradixit
854 3219 882 3271 Β
952 3221 1172 3289 ‘lpracterquam
1190 3217 1295 3286 (quod)

173 3310 302 3366 labbeus
318 3309 465 3364 secuudum
487 3309 642 3378 Vulpatum,
659 3309 708 3362 sed
725 3309 759 3376 cs.
776 3324 803 3376 p.
823 3311 904 3373 218
957 3306 1100 3376 accipimur
1117 3304 1145 3357 Β
1196 3303 1297 3357 femina

172 3399 310 3452 remolitur
328 3396 354 3450 V
404 3398 489 3452 uerbo
506 3397 571 3451 iude
589 3413 607 3451 a
625 3397 641 3450 8
660 3396 748 3450 nullus
766 3411 850 3462 usquc
868 3394 907 3448 ud
926 3395 958 3450 10
977 3394 1135 3448 concedatur
1153 3397 1178 3446 et
1194 3392 1259 3446 iude
1278 3407 1297 3444 u

175 3487 207 3540 15
226 3488 263 3540 sic
281 3503 364 3554 usque
382 3486 421 3540 ud
439 3487 470 3540 17
491 3486 636 3539 certamina
655 3485 746 3552 adfert
768 3483 884 3552 Vigilius
901 3484 932 3536 a'u
953 3483 1065 3536 Constat.
1084 3482 1116 3535 de
1132 3480 1190 3535 III
1205 3483 1297 3549 cupit,

171 3593 212 3644 ep.
233 3575 303 3646 835
316 3577 375 3628 295
429 3574 566 3628 8uestras
589 3573 652 3627 VB:
672 3575 777 3625 uestrae
795 3571 905 3641 pietatis
927 3570 1042 3639 Vigilius
1094 3569 1296 3638 9subripiendi

170 3680 223 3718 om.
247 3663 325 3733 Vigil.
416 3662 534 3732 quipiam
557 3661 591 3715 V:
615 3678 666 3715 om.
685 3661 710 3712 Β
733 3660 813 3730 Vipc'l.
887 3660 919 3712 10
942 3659 1064 3712 constitis
1082 3657 1117 3722 B,
1142 3674 1192 3711 om.
1217 3656 1295 3726 Vigil.

174 3753 207 3807 13
224 3753 360 3806 fructuosa
375 3751 517 3806 ualeretB
606 3751 639 3804 14
656 3749 842 3820 propagincB
944 3747 1019 3816 digni
1041 3747 1068 3801 V
1153 3748 1245 3806 eterno
1261 3746 1295 3811 V,

140 3840 315 3896 'adnumB
369 3841 401 3894 15
420 3840 457 3893 sic
475 3840 502 3892 Β
518 3839 614 3909 Va'pits
633 3839 655 3892 si
672 3837 699 3890 V
750 3839 781 3892 16
800 3839 936 3907 prostratu
954 3836 981 3888 Β
1052 3834 1295 3905 oppugnationibus

177 3929 256 3999 Vigil.
329 3929 395 3983 elisa
412 3929 439 3981 Β
462 3928 554 3998 Vigila
575 3929 638 3982 elise
657 3927 683 3981 V
735 3928 767 3980 17
786 3943 907 3997 reparare
925 3924 1018 3994 Vigila
1035 3939 1155 3994 repreare
1169 3923 1204 3986 B,
1219 3940 1294 3992 repa-

170 4016 274 4072 rariV
326 4019 358 4073 18
376 4017 447 4071 sedis
471 4016 521 4070 VB
592 4016 788 4096 crudentissimi
806 4015 834 4068 Β
888 4013 920 4068 19
938 4012 1068 4086 incubane
1083 4011 1109 4063 Β
1163 4011 1293 4066 2011111-

169 4136 256 4188 tatem
276 4150 342 4203 quae
360 4133 388 4185 Β
459 4131 493 4186 ad
510 4133 537 4185 Β
595 4133 633 4186 dd
652 4097 680 4185 ¹rue
699 4134 756 4184 erat
772 4133 835 4197 (om.
855 4131 928 4196 ante)
948 4129 1070 4182 detrusus
1089 4127 1116 4180 Β
