2904 4672
124 230 127 234 ⁴
142 247 205 311 288
413 245 510 315 Uigilii
528 246 706 300 constitutum
724 246 758 301 de
776 247 862 301 tribus
881 247 1007 317 capitulis

140 437 210 515 hoc,
234 438 317 520 quod
341 457 435 521 supra
457 439 536 504 dixit
556 439 667 505 beatus
692 439 827 523 (tyrillus
851 441 1064 523 dispensatiue
1089 443 1220 520 factum,
1239 444 1274 506 ut

141 542 269 608 minime
300 545 492 610 anathemati
523 563 635 609 nomen
662 546 724 609 uiri
752 546 919 625 subiceret,
947 547 1105 612 uoluisset
1133 549 1273 633 intellegi

142 648 181 712 ad
212 649 457 714 ecclesiasticam
488 652 631 734 regulam
661 651 892 733 pompandam,
925 652 958 716 in
995 652 1104 717 eadem
1142 654 1275 738 epistola

143 773 201 818 sua
219 754 327 819 subter
345 755 459 820 adiecit
478 755 601 820 dicens:
626 756 692 820 eed
714 757 825 821 iuste
848 758 1030 835 audient,
1054 760 1274 824 tamenetsi

143 861 288 939 nolint,
313 861 380 944 qni
402 862 636 927 huiusmodi
660 881 804 927 causas
826 863 1034 946 praebent:
1060 865 1272 930 obliuisci·
1298 889 1309 928 s

143 965 237 1029 mini
274 985 345 1032 uos
381 966 510 1050 ipsos,
544 967 699 1049 quando
735 968 930 1032 aduersus
963 970 1124 1035 cineres
1158 989 1273 1036 arcus

145 1072 386 1148 extenditis3
427 1092 502 1138 non
545 1075 646 1138 enim
692 1079 896 1156 superest,
943 1076 1009 1158 qui
1055 1077 1160 1160 apud
1203 1096 1273 1142 uos

143 1179 368 1261 inscriptus
396 1182 467 1245 est.
497 1183 535 1244 et
561 1200 618 1244 me
645 1181 784 1245 nullus
809 1182 947 1264 culpet
968 1182 1008 1246 in
1031 1183 1129 1249 haec
1153 1183 1274 1248 uerba

143 1303 419 1368 progressum,
440 1286 507 1350 sed
526 1286 669 1350 cedant
687 1286 805 1351 ualde
823 1288 988 1352 nimium
1005 1288 1273 1370 praecessori.

144 1409 274 1473 graue·
305 1394 368 1455 est
403 1392 506 1455 enim
537 1391 736 1456 insultare
769 1393 977 1458 defunctis
1009 1395 1078 1459 uel
1110 1394 1145 1459 si
1176 1395 1311 1462 laicis

144 1496 315 1573 fuerint,
340 1496 479 1561 nedum
501 1497 608 1574 illis,
628 1497 750 1581 quiin
771 1498 1012 1582 episcopatu
1031 1501 1129 1566 hane
1148 1501 1272 1566 uItam

146 1602 429 1684 deposuerunt.
462 1605 738 1669 iustissimum
770 1606 872 1670 enim
908 1610 1075 1688 apparet
1108 1608 1274 1690 pruden-

148 1708 262 1773 tibus
289 1710 392 1774 uiris
420 1711 561 1775 cedere
586 1711 839 1792 praescienti
863 1712 1190 1795 uniuscuiusque
1213 1732 1274 1779 uo·

146 1816 343 1879 luntatem
392 1818 431 1879 et
479 1816 758 1900 cognoscenti,
809 1816 942 1898 qualis
992 1818 1274 1901 unusquisque

60 1918 124 1983 208
146 1918 309 1984 futurus
338 1921 415 1987 sit.
496 1921 622 1987 boatum
659 1922 733 2002 quIn
766 1922 859 1986 etiam
883 1922 1029 1987 Proclnm
1051 1924 1148 1988 huius
1171 1923 1314 2008 regisse

66 2037 74 2045 ·
147 2025 287 2091 ciuitatis
310 2026 481 2091 antistitem
504 2028 549 2091 ita
571 2028 735 2094 memorati
758 2027 904 2093 Iohannis
927 2028 1112 2093 antiocheni
1134 2029 1276 2113 episcopi

147 2131 293 2196 similiter
323 2135 447 2197 constat
476 2131 674 2214 respondisse
705 2131 864 2213 rescriptis
897 2131 1051 2197 dicentem
1081 2133 1164 2198 iuter
1197 2134 1274 2204 alia:

149 2237 303 2319 quando
332 2238 432 2302 enim
461 2237 611 2320 scripsi
637 2242 730 2302 tuae
754 2237 972 2302 sanctitati
995 2242 1184 2321 oportere
1207 2244 1276 2306 aut

148 2342 397 2408 Theodorum
413 2343 599 2408 autalios
614 2344 819 2425 quosdam,
834 2343 901 2426 qui
918 2343 1070 2425 pridem
1090 2343 1276 2411 defuncti

150 2452 258 2526 sunt,
292 2450 538 2514 anathemati
571 2449 687 2514 subdi
721 2452 789 2513 aut
822 2449 1056 2514 nominatim
1094 2451 1317 2524 alicuius„

62 2554 126 2619 209
149 2552 229 2617 feci
249 2554 513 2620 mentionem?
537 2558 659 2638 etpost
675 2573 791 2636 pauca:
811 2557 849 2618 et
866 2555 941 2619 illa
958 2556 1156 2637 capitula,
1177 2577 1276 2640 quae

150 2658 337 2725 subiecta
368 2665 477 2738 sunt,
508 2662 672 2744 reppuli
708 2664 849 2743 utpote
887 2661 1165 2742 suptilitatem
1202 2683 1276 2728 non

150 2764 341 2830 habentia
389 2766 579 2849 pietatis:
629 2786 755 2849 neque
800 2770 931 2831 autem
975 2767 1020 2832 de
1065 2768 1276 2835 'Iheodoro

236 3025 253 3077 4
272 3024 304 3081 cf.
323 3041 403 3096 supra
422 3023 499 3095 adp.
518 3025 579 3089 287,
598 3026 627 3090 2;
653 3025 724 3079 idem
748 3026 929 3095 fragmentum
947 3025 1036 3081 adfert
1053 3027 1198 3083 Facundus
1215 3029 1233 3084 l.
1253 3047 1275 3085 c.

148 3113 223 3168 1116
242 3113 342 3183 (Migne
363 3113 464 3167 LXVII
486 3114 538 3168 606
555 3113 578 3167 Β
597 3138 631 3160 =
649 3113 734 3183 Fae¹J
755 3117 783 3168 et
799 3113 866 3169 VIII
883 3116 900 3168 ὁ
919 3115 1021 3185 (Migne
1039 3114 1105 3170 ibid.
1126 3117 1221 3171 72813
1240 3142 1275 3165 =

147 3199 233 3270 Fac.²)
322 3201 355 3255 18
382 3201 463 3256 etiam
485 3201 551 3255 haec
578 3199 666 3256 Procli
689 3202 804 3273 epistula
826 3201 942 3273 deperiit
965 3203 1013 3257 sed
1036 3220 1104 3273 quae
1127 3208 1277 3274 sequuntur

149 3289 207 3343 eius
225 3289 277 3343 dno
296 3290 447 3360 fragmenta
465 3308 518 3345 una
537 3308 595 3345 cum
615 3291 662 3348 eis.
676 3307 744 3360 quae
762 3291 790 3344 in
808 3291 895 3345 medio
909 3291 1027 3361 Uigilius
1041 3293 1141 3348 omisit.
1155 3295 1277 3348 seruauit

149 3379 230 3431 etiam
253 3377 394 3433 Facundus
416 3380 434 3434 l.
462 3396 482 3435 c.
505 3379 571 3433 VIII
594 3380 610 3434 2
633 3379 734 3449 (iligna
756 3378 820 3434 ibid.
845 3381 895 3434 713
920 3383 939 3435 A
964 3404 999 3426 =
1021 3379 1107 3450 Fac.¹)
1132 3398 1275 3453 eorumque

148 3469 250 3535 partem
269 3465 340 3520 idem
358 3466 447 3520 adfert
464 3467 544 3520 etiam
565 3466 628 3520 VIII
647 3469 662 3520 5
682 3466 757 3533 (ibid.
777 3467 828 3522 728
846 3469 872 3520 Α
891 3493 924 3514 =
943 3466 1027 3534 Fac.²)

184 3589 201 3642 2
219 3589 338 3643 subicere
361 3589 392 3653 V,
412 3591 515 3645 correct
585 3592 602 3644 4
619 3591 764 3654 tamenetsi
782 3590 878 3645 Fac.²:
900 3595 956 3645 taur
975 3595 1003 3645 et
1021 3593 1044 3646 si
1066 3591 1093 3645 V
1106 3592 1155 3646 ced
1173 3594 1276 3648 lineola

148 3693 229 3746 super
245 3694 272 3731 m
290 3678 384 3732 leuiter
401 3694 489 3740 erasa
508 3680 616 3733 tametsi
629 3678 711 3733 Fac¹
746 3681 762 3732 6
782 3679 886 3749 quando
906 3678 1036 3735 VFac.¹:
1055 3681 1180 3748 quoniam
1193 3680 1276 3736 Fac²

150 3758 251 3820 cineres
275 3765 311 3821 V:
328 3767 451 3835 pulueres
470 3769 537 3822 Fac.
555 3773 668 3837 utroque
686 3769 743 3823 loeo
796 3769 812 3821 9
831 3768 929 3838 cedant
947 3768 984 3822 V:
1002 3768 1081 3822 cedat
1098 3768 1181 3825 Fae}
1192 3769 1275 3826 Εἰισ.Ι

151 3855 199 3920 (cf.
218 3853 360 3909 editionem
379 3853 531 3922 Strmorrdi)
621 3856 699 3910 ualde
722 3857 759 3910 V:
781 3855 882 3910 famoso
906 3855 988 3910 Fac¹
1009 3856 1092 3911 Fac.²
1182 3859 1216 3912 10
1234 3862 1275 3912 est

151 3931 264 3996 enim’V
278 3934 380 3997 Fac.²:'
395 3944 465 3997 enim
485 3943 618 3998 estFac.¹
656 3945 686 3998 11
702 3961 734 3998 ne
753 3944 859 3998 dumV
912 3945 1066 4014 episcopato
1085 3945 1111 3999 V
1145 3947 1274 4000 1411111-

151 4031 263 4100 quisque
281 4034 401 4085 nostrum
420 4031 526 4085 futurus
539 4030 609 4086 Fac.
626 4038 739 4101 utroque
758 4034 815 4087 loco
853 4033 884 4086 17
903 4034 955 4086 lter
973 4033 1004 4098 V,
1024 4049 1120 4088 corae
1157 4035 1191 4088 18
1206 4035 1274 4088 eninr

152 4131 201 4186 ego
219 4119 313 4189 scripsi
330 4118 412 4174 Fae¹
429 4118 512 4174 Fae²
564 4121 598 4173 22
616 4124 647 4174 ut
666 4124 728 4190 pute
747 4121 899 4191 suptilitate
923 4121 948 4175 V
