2904 4672
558 261 644 332 Epist.
664 261 801 315 nxxxrrr
819 263 966 320 are-218.
1262 271 1324 334 291

196 476 277 536 uec,
307 456 457 534 meruit,
503 457 670 520 mortuus
715 455 788 519 iam
832 476 900 521 non
940 459 1067 538 potest
1106 459 1326 544 impetrare3

197 563 385 644 siquidem
412 562 508 643 ipsis
537 562 721 643 apostolis
751 560 893 627 Christi
916 582 1008 628 uoce
1032 564 1247 649 delegatum
1270 570 1328 631 est

197 671 300 751 ‘quae
337 669 555 752 ligaueritis
594 688 703 751 super
738 670 883 733 terram'
921 674 955 734 et
992 671 1092 752 ‘quae
1130 672 1326 736 solueritis
1425 723 1427 728 .

198 794 308 858 super
335 776 490 839 terram'.
520 778 686 839 ceterum
712 775 783 838 iarn
814 775 855 839 de
884 795 941 854 eo,
971 776 1091 857 quiin
1116 776 1245 842 diuino
1270 783 1328 844 est

164 881 340 946 siudicio
373 881 628 958 constitutus,
659 881 765 946 nobis
798 881 852 946 fas
886 882 987 946 aliud
1024 883 1220 949 decernere
1257 903 1326 950 non

199 993 258 1052 est
289 979 523 1068 praeterio,
556 988 591 1051 in
625 1007 694 1068 quo
727 1007 807 1052 eum
839 987 917 1052 dies
946 1008 1140 1072 supremus
1169 991 1327 1069 inuenit,

197 1093 275 1156 item
301 1096 491 1158 memoratus
518 1093 627 1158 heatae
655 1094 876 1159 recordationis
903 1114 983 1178 papa
1006 1093 1150 1160 Gelasius
1173 1096 1204 1160 in
1229 1096 1327 1180 gestis
1351 1095 1415 1159 216

199 1198 401 1281 synodalibus
430 1199 467 1263 de
494 1199 607 1289 Miseni
637 1183 774 1284 episcopi
803 1200 933 1265 Cumani
957 1201 1153 1267 absolutione
1177 1203 1327 1268 confectis

199 1305 258 1368 hoc
283 1304 442 1368 euidenter
465 1305 590 1369 edocuit
613 1305 737 1370 dicens:
767 1307 887 1370 totum
916 1306 1012 1387 quod
1039 1325 1152 1390 supra
1179 1310 1327 1373 nostrae

154 1429 180 1469 ιο
199 1407 399 1475 facultatis
429 1414 488 1475 est
514 1411 718 1491 modulum,
743 1403 871 1477 diuino
896 1411 1037 1496 iudicio
1061 1412 1326 1496 relinquamus,

200 1535 270 1580 non
302 1519 424 1581 autem
457 1517 565 1582 nobis
597 1520 785 1600 poterunt
809 1518 1010 1600 imputare,
1047 1537 1111 1582 cur
1144 1519 1327 1601 praeuari-

201 1607 368 1687 cationis
397 1619 583 1690 offensam
615 1624 835 1690 uiuentibus
867 1625 1116 1703 remittamus,
1149 1625 1248 1707 quod
1276 1643 1327 1688 ec·

201 1730 344 1794 clesiae
383 1729 447 1795 deo
484 1730 677 1814 largiente
713 1731 901 1812 possibile
939 1733 1011 1806 est;
1049 1749 1114 1805 nec
1150 1750 1215 1797 nos
1256 1730 1327 1795 iam

201 1836 362 1901 mortuis
386 1836 532 1901 ueniam
555 1840 745 1919 praestare
769 1837 988 1921 deposcant,
1013 1837 1109 1918 quod
1131 1837 1239 1901 nobis
1258 1857 1326 1903 non

157 1961 183 2000 15
204 1960 287 2006 esse
314 1941 501 2023 possibile
524 1942 764 2008 manifestum
788 1944 858 2019 est,
883 1942 985 2023 quia,
1010 1961 1090 2019 cum
1114 1940 1254 2006 dictum
1278 1942 1329 2008 sit

202 2049 304 2128 ‘quae
340 2047 557 2130 ligaueritis
595 2050 631 2113 et
666 2048 868 2120 solueritis
906 2067 1021 2131 super
1056 2047 1216 2124 terram',
1249 2047 1326 2125 hos,

202 2172 294 2234 quos
318 2156 585 2235 superterram
608 2153 679 2218 iam
702 2173 772 2218 non
797 2172 880 2218 esse
900 2156 1062 2231 constat,
1081 2172 1149 2218 non
1169 2153 1325 2216 humano

202 2257 268 2322 sed
300 2278 365 2325 suo
399 2259 488 2324 deus
520 2260 661 2325 iudicio
693 2260 908 2325 reseruauit
934 2278 999 2324 nec
1027 2258 1139 2324 audet
1165 2258 1328 2325 ecclesia

201 2365 359 2430 sibimet
384 2366 593 2444 uindicare,
623 2366 720 2448 quod
746 2367 841 2450 ipsis
873 2367 995 2430 beatis
1033 2365 1216 2454 apostolis
1249 2382 1326 2428 con-

155 2471 319 2555 eospioit
358 2491 427 2537 non
468 2472 587 2536 fuisse
628 2491 862 2538 concessum:
904 2472 991 2554 quia
1023 2471 1096 2535 alia
1128 2474 1185 2534 est
1216 2488 1328 2534 causa

200 2578 464 2660 superstitum,
489 2580 562 2643 alia
586 2579 855 2644 defunctorum.
905 2579 984 2642 hanc
1003 2580 1108 2642 autem
1131 2577 1273 2660 regulam
1296 2582 1329 2646 et
1351 2574 1424 2640 217.

200 2684 232 2747 in
269 2687 447 2749 sanctorum
481 2685 628 2750 Iohannis
669 2684 1004 2766 Constantinopolitani
1045 2682 1193 2766 episcopi,
1234 2700 1328 2763 quem

139 2835 144 2845 ·
202 2789 459 2872 Chrysostomum
477 2795 600 2869 uocant,
614 2795 706 2873 atque
720 2790 861 2856 Flauiani
881 2790 1021 2855 eiusdem
1034 2788 1173 2854 ciuitatis
1190 2784 1327 2870 episcopi

200 2896 375 2964 ueneranda
397 2898 547 2962 memoria
569 2900 691 2963 constat
713 2915 783 2962 esse
806 2899 972 2973 seruatam,
992 2895 1066 2979 quia
1082 2894 1159 2958 licet
1175 2893 1329 2960 uiolenter

156 3013 183 3056 2⁵
201 3003 320 3074 exclusi
347 3005 430 3081 sunt,
458 3023 518 3070 non
545 3006 662 3068 tamem
688 3023 743 3087 pro
771 3003 927 3067 damnatis
955 3003 1030 3067 sunt
1051 3000 1161 3078 hahiti,
1185 3017 1220 3063 eo
1244 2997 1328 3081 quod

203 3129 324 3193 semper
359 3110 543 3176 inuiolatam
581 3130 686 3176 eorum
725 3109 974 3175 communionem
1005 3105 1137 3176 Romani
1168 3103 1327 3187 praesules

202 3220 408 3281 seruauerunt
420 3236 476 3282 neo
488 3218 608 3282 abscidi
626 3217 663 3281 ab
684 3217 816 3282 ecclesia
834 3216 895 3280 dici
912 3216 1084 3299 potuerunt
1100 3213 1151 3277 uel
1170 3212 1327 3295 poterunt,

202 3339 281 3403 quos
309 3320 370 3384 sibi
391 3322 575 3387 inconuulse
593 3323 697 3387 unitos
716 3322 889 3404 apostolica
904 3320 1058 3385 iudicauit
1072 3318 1251 3387 auctoritas.
1295 3316 1328 3380 in
1350 3318 1415 3383 218

202 3427 330 3491 Eusebii
363 3428 455 3493 etiam
488 3433 705 3514 cognomento
724 3428 881 3511 Pamphili
911 3426 1041 3491 historia
1075 3426 1155 3491 libro
1194 3423 1326 3506 septimo

291 3674 307 3727 3
325 3668 422 3726 Matth.
443 3672 484 3739 18,
505 3672 537 3726 18
604 3671 620 3723 9
639 3669 741 3725 Gelasii
759 3669 773 3723 1
791 3686 832 3739 ep.
853 3669 903 3724 103
921 3674 935 3734 ξ
953 3668 988 3724 28
1006 3667 1085 3721 huius
1104 3666 1230 3721 editionis
1250 3665 1327 3734 (haec

203 3762 292 3815 omnia
318 3761 373 3815 fere
401 3760 490 3814 adfert
516 3761 598 3814 etiam
624 3758 766 3813 Facundus
794 3757 855 3812 adu.
881 3757 1043 3821 Mocianum,
1069 3755 1162 3824 Migue
1192 3755 1245 3820 67„
1262 3753 1325 3821 865)

204 3852 237 3906 16
254 3849 352 3906 Matth.
373 3849 414 3914 18,
434 3849 466 3905 18

239 3993 376 4049 8maseni
398 3992 425 4045 V
459 3992 490 4045 19
509 3991 661 4060 concupiuit
676 3989 707 4053 V,
727 4005 793 4043 corr.
809 4008 826 4041 α
842 4004 916 4042 man.
929 3991 998 4056 post.
1025 3969 1069 4040 Ἰ23
1083 3983 1283 4039 chrisostomum
1303 3979 1330 4034 V

204 4082 239 4136 24
257 4082 321 4152 quia
341 4080 379 4135 V:
397 4080 442 4150 qui
459 4079 527 4133 Bar.
599 4079 633 4132 at
651 4077 816 4149 poattllerunt
833 4095 863 4130 a:
882 4077 1028 4147 potuerunt
1049 4072 1074 4127 V
1127 4072 1161 4126 29
1179 4070 1282 4126 euseuii
1303 4069 1330 4122 V

204 4170 341 4241 pamphyli
363 4169 389 4222 V
456 4168 584 4222 historiae
602 4167 670 4222 Bar.
767 4190 769 4194 ·

576 4264 578 4268 ⁴
1225 4267 1273 4322 le*
