2904 4672
174 315 238 380 482
517 307 601 364 Gesta
617 309 650 364 de
668 309 835 364 absolutione
852 308 950 363 Miseui

122 507 160 572 21
173 504 286 571 retinet
309 503 492 588 obligatum.
542 504 730 585 quapropter
745 501 811 564 lata
828 500 984 565 sententia
999 519 1060 566 non
1078 501 1304 580 existentibus,

172 630 228 693 per
258 629 337 694 quae
368 610 471 693 possit
499 627 600 691 usque
632 606 671 670 ad
707 607 757 671 sui
793 606 911 671 exitum
946 606 1125 690 deputatam
1161 608 1305 675 retinere

172 736 359 794 mensuram,
394 716 444 781 his
481 714 673 792 consulendi,
705 713 759 795 qui
790 732 826 777 ea
857 715 927 777 ants
958 712 1151 791 tenebantur,
1186 714 1305 790 tribuit

172 823 358 887 libertatem.
390 825 423 887 et
444 822 616 905 apostoliea
638 818 763 902 quidem
786 818 886 894 sedes,
909 820 946 883 ut
968 837 1060 901 saepe
1081 818 1303 902 repetendum,

174 929 343 993 aestimans
370 926 543 993 Orientales
574 925 779 991 nullomodo
811 944 871 990 uon
902 943 997 1007 posse
1026 943 1183 1006 respuere,
1212 926 1303 1007 quod
1330 944 1350 984 ι

174 1033 265 1099 sedes
293 1033 465 1121 apostolica
490 1033 669 1110 refutasset,
698 1050 814 1113 eosque
836 1031 932 1095 saluti
953 1030 1094 1113 propriae
1117 1034 1149 1094 et
1172 1034 1301 1114 aposto·

173 1140 251 1205 licae
280 1138 489 1204 communioni
515 1135 633 1203 nullius
659 1135 813 1219 praeferre
839 1155 933 1220 posse
958 1155 1132 1219 personam,
1156 1137 1238 1202 haec
1262 1139 1303 1202 de

174 1264 281 1309 oomru
312 1244 469 1309 mentibus
501 1243 614 1309 melius
646 1241 834 1307 aestimarat
875 1241 940 1320 sed,
976 1241 1060 1323 quod
1088 1241 1203 1306 iterum
1236 1263 1304 1308 uon

173 1349 339 1418 tacendum
365 1351 423 1427 est,
446 1348 578 1415 dolenda
604 1348 756 1430 pernicies
782 1366 843 1412 non
870 1349 961 1412 uelut
986 1346 1193 1431 improuidam
1215 1348 1303 1413 bene

174 1455 212 1520 de
231 1453 441 1520 Orientalibus
464 1454 649 1519 sentientem
666 1456 773 1537 potest
791 1453 967 1536 opinionem
985 1453 1086 1537 magis
1104 1453 1303 1536 apostolicae
1323 1476 1351 1516 10

174 1560 258 1626 sedis
285 1579 413 1645 arguere
445 1579 536 1643 quam
568 1578 642 1624 suae
673 1559 867 1642 peruicaciae
893 1559 999 1641 potius
1026 1558 1185 1641 deputare,
1213 1559 1305 1641 quod

174 1665 314 1731 oblatum
351 1664 412 1729 sibi
446 1665 605 1729 tramitem
636 1664 778 1747 propriae
799 1662 1070 1748 redintegrationis
1094 1665 1203 1728 secuta
1236 1684 1304 1730 uon

173 1770 276 1849 fuerit,
299 1789 355 1835 nec
377 1770 448 1836 ideo
470 1774 575 1835 tamon
598 1770 668 1836 aliis
692 1769 785 1834 debet
805 1769 1022 1835 medicinalem
1045 1768 1304 1836 desiderantibus

122 1873 323 1960 22impediro
345 1896 399 1960 per
421 1896 511 1941 suam
532 1876 740 1959 peruicaciam
761 1877 954 1942 facultatem.
1008 1878 1083 1940 tuuc
1105 1875 1186 1940 enim
1213 1877 1306 1942 dicta

174 1984 249 2047 suut
270 1983 308 2046 do
332 1981 519 2047 Graecorum
543 1984 746 2047 consensione
772 1982 913 2059 fidenter,
940 1982 1014 2063 quia
1040 1983 1134 2046 simul
1157 1985 1190 2046 et
1211 1983 1305 2049 beati
1323 2003 1350 2042 ω

173 2088 259 2153 Petri
281 2089 464 2153 societatem
482 2087 677 2171 quibuslibet
697 2087 886 2153 uidebantur
905 2106 1093 2171 praeponere
1113 2107 1207 2171 posse
1232 2109 1304 2173 por-

175 2193 260 2260 sonis
287 2197 328 2272 st,
357 2194 411 2276 qui
437 2194 602 2259 extiterant
629 2197 699 2258 aute
722 2194 879 2272 catholici,
903 2193 1147 2259 aestimabantur
1170 2212 1304 2260 consen·

175 2299 241 2364 suri
276 2300 367 2364 facile
402 2301 529 2365 ueritati
560 2303 653 2382 atque
683 2299 753 2364 ideo
786 2298 955 2366 cuiuslibet
984 2299 1117 2365 hominis
1149 2301 1304 2366 affectum

176 2403 337 2469 desideriis
361 2406 549 2487 apostolicae
572 2406 799 2471 communionis
821 2426 881 2472 non
903 2425 997 2490 posse
1018 2424 1217 2489 praeponere.
1248 2409 1304 2490 qui

175 2528 247 2575 cum
270 2510 407 2575 nondum
430 2512 625 2595 susceperint
645 2531 700 2594 per
722 2531 800 2594 quas
826 2513 854 2577 is
882 2511 956 2577 ordo
983 2511 1159 2576 decurreret
1184 2513 1303 2578 uoluu·
1320 2531 1347 2572 so

174 2618 267 2694 tates,
290 2616 333 2696 id,
357 2617 441 2698 quod
462 2638 517 2701 per
539 2633 591 2683 eas
614 2618 680 2682 fieri
702 2637 794 2700 posse
816 2621 1052 2701 praesumptum
1075 2619 1132 2690 est,
1161 2618 1305 2684 cernitur

176 2721 365 2800 absolutum,
398 2724 553 2805 quoniam,
586 2743 657 2788 oum
690 2723 804 2789 desunt
835 2725 889 2806 qui
920 2723 1063 2801 efficiant,
1091 2713 1197 2788 nullus
1232 2745 1303 2808 pro·

175 2827 281 2892 uenire
303 2829 405 2912 possit
425 2830 554 2894 effectus
573 2867 616 2877 —
633 2831 729 2895 immo
749 2830 923 2895 cumidem
945 2829 1016 2913 ipsi,
1039 2849 1094 2913 per
1115 2849 1195 2911 quos
1220 2832 1304 2896 iudi·

124 2928 305 2999 iboabatur
327 2931 396 3000 esse
418 2935 605 3013 iaciendum,
627 2955 665 3001 ne
688 2936 841 3001 efficiatur
858 2937 1024 3003 obsistunt.
1069 2937 1123 3018 qui
1141 2937 1222 3001 siin
1242 2938 1303 3004 hac

176 3043 259 3118 sunt,
288 3040 371 3124 quod
398 3042 489 3111 absit.
519 3042 725 3107 obstinatione
752 3044 900 3122 mansuri,
927 3043 1065 3108 resoluta
1088 3040 1229 3108 conditio
1254 3048 1303 3109 est
1318 3058 1341 3099 a

211 3304 399 3374 loblcgatum
416 3305 445 3358 Β
514 3306 691 3362 existentibus
704 3325 752 3378 per
766 3325 816 3378 que
835 3308 876 3363 bis
893 3309 920 3362 Β
960 3309 1041 3378 liqui
1059 3324 1092 3362 cc
1110 3325 1163 3382 quc
1182 3325 1255 3364 corr.
1280 3312 1305 3365 V

177 3409 209 3446 ea
239 3395 301 3446 ante
331 3394 492 3448 tenebantur
518 3396 629 3465 seipsi:
657 3398 747 3451 aetate
768 3396 930 3451 tenebantur
951 3397 986 3461 Β,
1010 3396 1209 3452 adtenebantur
1243 3399 1301 3454 VF,

177 3480 367 3535 adnitebantur
386 3481 420 3552 p²,
439 3484 536 3537 arctati
553 3485 714 3539 tenebantur
730 3487 800 3540 Bar.
870 3485 972 3540 tribuet
988 3486 1016 3539 Β
1072 3487 1089 3539 5
1107 3487 1244 3542 extimans
1262 3488 1301 3555 F,·

177 3571 219 3623 est
235 3570 381 3624 aerumans
403 3570 465 3625 Cor,
537 3573 613 3627 nullu
631 3575 658 3628 Β
731 3591 786 3628 non
804 3591 853 3628 om.
872 3572 902 3627 F
969 3574 1074 3629 taedis
1092 3575 1119 3627 Β
1191 3580 1301 3631 icom-

175 3657 309 3720 munionis
323 3656 353 3712 F
419 3659 509 3712 nullm
527 3660 554 3713 V
596 3661 816 3716 8extimaratF
861 3661 1064 3732 9inprouidum
1083 3661 1170 3726 VFB,
1188 3680 1260 3718 corr.
1276 3663 1301 3736 ρ2

177 3744 212 3800 10
227 3748 304 3816 potes
322 3746 531 3817 oppinionemB
568 3750 598 3802 11
618 3749 689 3803 sedis
707 3747 801 3803 om.F
852 3750 922 3819 quod
939 3749 1064 3804 latumB
1102 3751 1134 3804 15
1148 3752 1304 3814 disimulF

177 3836 206 3887 et
222 3834 302 3887 simul
319 3839 384 3904 trop.
403 3836 431 3889 Β
471 3838 503 3893 17
523 3838 668 3892 extiterunt
684 3839 712 3891 Β
769 3839 965 3893 extimabantur
981 3841 1011 3895 F
1051 3841 1084 3893 19
1103 3840 1247 3896 desideriis
1260 3843 1299 3897 B:

176 3922 205 3974 in
223 3920 362 3976 desideriis
384 3923 439 3977 VF
487 3943 633 3994 proponere
656 3927 706 3980 VB
760 3928 805 3998 qui
824 3931 871 3995 (ee.
892 3928 1000 3998 Graeci)
1022 3929 1300 3999 solsequiam

178 4009 212 4062 20
230 4009 346 4064 nondum
369 4010 431 4064 VF:
455 4029 509 4066 non
527 4029 572 4066 sus
590 4013 617 4066 Β
706 4031 770 4084 quas
793 4014 855 4068 VF:
880 4032 931 4084 qua
949 4017 976 4069 Β
1063 4018 1086 4070 is
1109 4017 1149 4072 B:
1174 4019 1218 4073 his
1241 4021 1299 4084 VF,

176 4097 220 4151 bic
241 4097 304 4152 Gor.
358 4099 481 4154 decurret
497 4103 646 4156 uoluntatis
669 4103 722 4158 VF
772 4103 806 4157 22
825 4120 884 4158 cum
902 4121 952 4158 om.
971 4104 998 4157 Β
1056 4107 1103 4175 qui
1125 4105 1189 4161 VF:
1208 4125 1258 4177 per
1275 4108 1301 4161 Β

177 4186 315 4255 peruenire
338 4185 395 4251 VF,
415 4191 571 4258 praeuenire
589 4190 623 4255 B,
642 4207 711 4246 corr.
728 4191 798 4245 Bar,
