2904 4672
213 253 278 318 460
354 247 477 303 Gelenius
495 246 517 304 I.
536 246 678 301 aduersum
696 243 909 299 Andromachum
929 248 1022 298 contra
1039 244 1201 315 Lupercalia

214 462 250 508 eo
279 442 521 526 impudentiores
554 440 667 519 effecti,
700 459 761 524 quo
791 439 917 505 crimine
948 439 1108 522 publicato
1140 440 1352 523 expositaque

214 548 403 615 uerecundia
425 548 469 612 nil
487 553 629 629 superest
652 547 786 625 omnino,
806 546 890 628 quod
911 545 1037 628 pudeat,
1057 544 1240 623 nechabet,
1265 545 1352 630 qnod

214 657 335 719 metuat
365 652 529 736 publicari,
563 652 618 716 sed
649 652 712 715 iam
740 671 774 716 so
801 650 989 715 fiducialiter
1021 654 1148 728 euertat,
1181 652 1289 734 qualis
1316 652 1349 716 iu

214 760 378 842 propatulo
402 776 462 823 nou
494 777 549 840 per
572 757 863 830 cober<oi>tionem
895 756 950 821 sed
971 756 1079 838 potius
1110 775 1166 840 per
1189 757 1349 839 quandam

213 865 366 931 laetitiam
385 868 417 931 et
435 864 647 929 celebritatem
665 864 831 929 numinum
849 862 1012 927 decantata
1030 865 1089 938 est,
1109 862 1271 946 quaelibet
1291 863 1349 928 illa
1379 884 1392 923 r

214 990 356 1056 persona,
378 971 475 1035 immo
498 972 531 1034 et
551 969 703 1053 religione
726 988 760 1033 se
781 971 938 1053 praestare
966 968 1103 1046 confidit,
1127 970 1164 1044 ut
1187 968 1240 1045 sit,
1265 969 1348 1034 unde

214 1077 377 1141 numinum
401 1076 565 1140 sollemnia
587 1075 790 1151 celebrentur,
809 1091 889 1157 quae
907 1074 969 1139 nisi
989 1074 1153 1138 criminum
1177 1073 1349 1139 decantati-

163 1177 202 1240 21
216 1182 327 1248 onibus
356 1201 416 1246 non
450 1182 604 1246 coluntur.
673 1180 767 1245 dicite
799 1179 890 1245 nobis
916 1179 1034 1263 itaque,
1063 1180 1117 1261 qui
1148 1181 1349 1244 uoluntatem

215 1288 413 1371 profanitatis
444 1287 577 1362 habetis,
606 1287 697 1351 ouius
725 1304 836 1351 causas
865 1305 1001 1351 asserere
1029 1305 1090 1350 non
1117 1286 1264 1368 potestis,
1293 1287 1348 1368 qui

214 1395 347 1468 tuendae
378 1394 500 1459 habetis
535 1393 732 1477 propositum
768 1393 928 1470 falsitatis,
960 1413 1053 1476 quam
1088 1393 1253 1459 defendere
1286 1414 1348 1458 non
1366 1416 1390 1456 ro

214 1501 363 1584 potestis:
400 1500 476 1582 quid
512 1500 626 1565 dicturi
663 1500 739 1565 estis
776 1498 814 1563 de
852 1500 1003 1577 siccitate,
1040 1499 1077 1564 de
1110 1499 1270 1582 grandine,
1309 1499 1348 1564 de

215 1605 405 1685 turbinibus,
420 1604 458 1670 de
472 1605 713 1688 tempestatibus
728 1605 886 1688 uenisque
897 1605 1049 1682 cladibus,
1065 1621 1142 1688 quae
1154 1623 1209 1689 pro
1224 1623 1350 1670 morum

215 1715 392 1777 nostrorum
416 1712 568 1795 qualitate
590 1713 798 1794 proueniunt?
821 1710 1044 1793 numquidnam
1068 1711 1146 1775 haec
1165 1711 1274 1774 omnia
1291 1729 1347 1792 pro

216 1818 349 1883 sublatis
367 1817 591 1901 Lupercalibus
611 1819 810 1902 contigerunt
829 1837 866 1881 an
885 1817 976 1881 malis
994 1817 1134 1882 moribus
1153 1815 1348 1900 castigandis

164 1926 206 1988 22
216 1922 337 1988 meritis
350 1923 609 1989 retributionibus
623 1923 817 1987 inferuntur?
880 1922 935 1986 sed
945 1940 1006 1986 non
1016 1922 1131 1986 mirum
1140 1924 1190 1986 est
1203 1922 1347 1998 homines
1366 1943 1391 1985 rr

215 2048 276 2093 nou
299 2029 417 2094 iudicio
441 2028 547 2093 diuino
569 2028 651 2093 uelle
673 2028 736 2092 ista
763 2028 941 2112 contingere
970 2027 1024 2092 sed
1047 2046 1146 2091 uanae
1170 2028 1348 2109 superstiti-

217 2135 285 2199 onis
308 2134 445 2214 incursu,
470 2135 522 2216 qui
545 2137 582 2199 ut
604 2152 661 2198 sua
684 2133 814 2198 crimina
837 2132 1349 2215 etmalefaotaooope1iant,auo-

216 2240 472 2305 toritatemcaeli
490 2239 591 2304 sidera
607 2239 771 2323 perbibent
789 2239 934 2303 adhibere
953 2242 986 2303 et
1001 2239 1130 2303 fatalem
1147 2238 1243 2311 indu<
1251 2252 1345 2312 cere>

217 2363 350 2409 errorem
369 2345 650 2428 necessitatemque
667 2344 817 2428 peccandi
830 2345 1027 2427 facinoraque
1044 2364 1102 2409 sua
1115 2365 1175 2410 non
1190 2345 1228 2409 de
1243 2345 1346 2410 cordis

216 2449 332 2534 proprii
350 2451 554 2535 peruersitate
582 2450 746 2532 procedere
770 2450 826 2516 sed
853 2451 938 2516 caelo
961 2453 1087 2515 auctore
1109 2450 1255 2534 pendere.
1278 2472 1347 2534 pro·
1364 2476 1389 2516 no

216 2555 322 2640 ponite
332 2556 439 2639 igitur,
450 2574 505 2639 pro
517 2557 634 2639 quibus
649 2560 704 2621 aut
719 2556 944 2622 submonendis
959 2557 1049 2621 malis
1064 2560 1120 2622 aut
1131 2558 1346 2638 promerendis

215 2662 306 2728 bonis
333 2662 516 2745 Lupercalia
547 2666 653 2728 uestra
678 2663 794 2728 fuerint
819 2663 974 2742 instituta,
1002 2667 1035 2727 et
1062 2662 1237 2739 uideamus,
1268 2683 1346 2747 quae

215 2767 271 2832 illa
289 2769 369 2832 bona
386 2769 596 2852 prouenen‘nt,
616 2788 688 2833 curn
706 2769 888 2850 Lupercalia
906 2772 1095 2853 gererentur,
1115 2773 1244 2853 atquae
1264 2771 1347 2835 mala

75 2948 76 2951 ,
165 2874 433 2952 aasuooosserint,
449 2893 520 2938 curn
537 2873 718 2956 Lupercalia
730 2873 911 2938 uiderentur·
924 2874 1036 2939 ablata.
1094 2874 1184 2960 figite
1198 2875 1345 2958 gradum:

216 2979 256 3044 ad
273 2979 357 3062 quod
374 2983 516 3063 uestrum
538 2979 690 3044 excidium
710 2979 820 3045 dicatis
843 2981 920 3045 baec
937 2980 1080 3065 prodigia
1096 2980 1195 3045 fuisse
1213 2987 1345 3065 reperta,
1362 3005 1385 3046 se

217 3084 312 3169 digni,
332 3085 386 3168 qui
408 3087 583 3150 monstrum
604 3085 708 3150 nescio
732 3085 816 3167 quod
837 3085 967 3168 pecudis
990 3087 1189 3168 hominisque
1211 3089 1347 3153 mixtura

217 3192 426 3272 compositum
449 3172 518 3255 siue
541 3209 614 3254 uere
637 3191 705 3254 siue
727 3190 807 3255 false
831 3190 951 3256 editum
969 3192 1154 3260 celebretis?
1173 3193 1201 3258 si
1218 3196 1346 3276 propter

253 3623 266 3677 1
296 3640 327 3678 eo
348 3642 377 3676 o:
402 3640 431 3678 oo
455 3624 481 3676 V
568 3625 767 3694 expositamque
796 3624 826 3689 V,
850 3640 916 3679 corr.
941 3643 954 3676 o
1026 3625 1041 3677 3
1070 3624 1159 3676 encrat
1186 3620 1217 3684 V,
1243 3623 1347 3677 corraei

216 3713 234 3766 4
252 3712 430 3774 cohertionem
452 3712 482 3775 V,
503 3729 569 3767 corr.
588 3713 658 3766 Bar.
743 3713 759 3765 5
777 3712 913 3766 nominum
935 3711 966 3776 V,
985 3727 1052 3766 corr.
1074 3710 1153 3765 Tlriel
1223 3712 1240 3765 6
1260 3711 1345 3765 sinto

176 3856 178 3859 .
218 3799 387 3854 inomiuum
410 3800 444 3859 V,
461 3816 527 3854 corr.
546 3800 615 3854 Bor.
711 3800 741 3854 11
763 3800 860 3854 dicitur
881 3801 912 3864 V,
932 3815 1032 3854 coreo
1123 3799 1156 3852 12
1174 3798 1292 3853 turbinis
1313 3799 1344 3862 V,

217 3902 284 3940 corr.
304 3887 345 3941 oi:
364 3887 472 3941 turbine
491 3887 518 3939 οι
633 3889 666 3942 14
694 3905 728 3942 an
745 3888 822 3942 malis
842 3903 868 3941 o:
888 3888 1011 3941 animalis
1034 3887 1065 3952 V,
1085 3888 1166 3941 auin
1184 3886 1264 3941 malis
1284 3886 1344 3941 Cor.

218 3975 250 4029 17
270 3976 365 4045 quint
386 3975 475 4030 Tbiel:
494 3976 589 4046 quibus
612 3975 639 4030 V
719 3976 874 4047 cooperiant
892 3975 1051 4030 anctoritate
1070 3976 1145 4040 coeli,
1165 3975 1256 4029 sidera
1273 3976 1345 4046 perh,

216 4061 337 4117 adbiberi
358 4063 435 4118 Tbiel
498 4064 530 4119 18
547 4063 672 4139 inducere
689 4064 798 4132 compsi:
816 4064 881 4118 indu
903 4063 935 4127 V,
954 4063 1056 4119 inducit
1074 4082 1099 4128 α,
1117 4063 1251 4118 inducunt
1268 4064 1347 4128 Bor,

215 4150 305 4205 induci
323 4151 399 4205 Edit.
418 4168 469 4222 req.
523 4153 557 4206 25
571 4159 636 4220 post
653 4151 783 4206 excidium
805 4152 885 4207 Tba'cl
903 4151 972 4208 addi
988 4152 1062 4206 iubet
1080 4151 1295 4207 submonendum
