2904 4672
168 247 232 317 408
373 244 474 300 Gelasii
491 245 512 298 l.
532 243 604 298 dicta
621 242 748 297 aduersus
766 243 937 313 Pelagianam
955 243 1087 298 baeresim

170 439 398 523 autemlegi
416 438 591 522 peccati,
613 437 736 502 etitem
757 437 794 502 de
814 457 847 503 se
865 438 952 521 ipso:
971 439 1135 524 castigo
1154 456 1300 522 corpus

169 564 293 610 meum
323 549 362 610 et
390 544 586 609 seruituti
613 543 770 629 redigo,
793 565 855 623 ne,
879 545 947 627 qui
970 545 1066 610 aliis
1088 545 1298 628 praedico,

169 649 256 731 ipse
287 650 481 732 reprobus
514 649 688 714 efficiar.
721 649 791 731 quis
822 649 922 734 igitur
950 669 1012 717 non
1040 649 1195 729 aduertat,
1224 651 1300 735 qaid

169 757 319 820 interesse
350 756 498 836 potuerit,
531 755 615 837 quod
645 755 786 819 membra
817 775 876 820 sua
905 755 1087 840 castigando
1118 757 1298 837 refrenaret,

170 879 208 925 ne
238 860 389 942 reprobus
422 860 576 938 existeret,
608 860 635 924 si
667 859 763 924 nullis
793 860 911 925 talibus
943 860 1082 927 stimulis
1109 861 1338 945 pulsaretur,s

171 984 249 1047 quos
275 965 466 1050 neglegendo
495 970 528 1030 et
553 984 615 1030 non
643 965 781 1047 corporis
809 966 859 1031 sui
886 967 1092 1052 castigatione
1125 967 1299 1100 subigendo

169 1072 320 1153 reprobus
350 1091 418 1136 esse
441 1071 620 1154 potuisset?

119 1169 159 1233 17
215 1177 409 1259 Quapropter
440 1196 512 1240 curn
543 1176 619 1241 haec
651 1178 683 1241 et
714 1176 849 1260 apostoli
871 1175 909 1241 de
933 1178 1138 1260 semetipsis
1165 1178 1299 1262 professi

169 1281 268 1347 fuisse
295 1284 517 1359 monstrentur,
540 1319 583 1328 —
606 1282 660 1365 qui
683 1283 806 1346 etiamsi
828 1282 891 1347 ista
918 1282 1046 1348 minime
1077 1283 1298 1365 prodidissent,

170 1390 279 1472 procul
311 1388 406 1452 dubio
438 1391 541 1452 tamen
574 1407 680 1453 omnes
718 1387 886 1453 orationem
920 1389 1107 1454 dominicam
1136 1393 1169 1454 et
1195 1408 1299 1455 neees-
1316 1416 1339 1457 ro

171 1495 251 1560 sario
288 1495 500 1578 praedicarent
536 1498 568 1558 et
604 1494 708 1559 ueraci
749 1494 839 1561 corde
875 1496 1056 1578 proferrent,
1088 1515 1150 1578 qua
1186 1496 1299 1561 cotidie

171 1602 383 1683 supplicantes
417 1601 534 1666 dimitti
566 1601 627 1665 sibi
659 1619 717 1665 sua
749 1601 854 1666 debita
884 1602 1080 1684 postularent
1116 1606 1156 1676 et,
1194 1621 1232 1667 ne
1266 1601 1298 1666 in

170 1708 407 1789 temptationem
430 1707 658 1786 inducerentur,
682 1727 787 1773 orasse
815 1712 856 1785 et,
878 1707 1060 1772 mamalo
1083 1708 1298 1787 liberarent,ur

120 1808 160 1872 18
171 1814 322 1897 supplici
323 1833 355 1878 er
386 1813 570 1895 implorasse
603 1813 733 1878 doceant
719 1817 780 1878 tor
811 1817 937 1896 proper
963 1814 1047 1896 quod
1069 1813 1165 1878 etiam
1187 1814 1298 1879 beatus

169 1921 322 1986 Iohannes
354 1922 527 2002 apostolus,
552 1920 635 2001 quod
667 1940 761 2003 supra
787 1921 848 1984 iam
877 1920 996 1986 dictum
1025 1924 1083 1999 est,
1106 1918 1300 2005 intellegitur
1315 1943 1339 1985 rs

171 2025 306 2091 edidisse
319 2027 438 2090 dicens:
455 2026 489 2091 si
509 2025 729 2090 dixerimus
749 2046 817 2092 nos
832 2031 1039 2109 peccatum
1054 2046 1127 2092 non
1142 2024 1298 2103 babere,

171 2133 395 2197 mendacem
427 2132 756 2212 faciemuseum,
790 2131 950 2199 Christum
979 2133 1110 2211 scilicet,
1139 2132 1194 2214 qui
1221 2133 1299 2196 banc

172 2239 279 2304 orandi
302 2239 430 2316 formam
465 2238 530 2302 suis
555 2238 718 2320 discipulis
741 2257 802 2304 non
822 2239 969 2317 dedisset,
993 2239 1025 2303 in
1053 2258 1116 2321 qus
1141 2239 1196 2304 uel
1224 2240 1300 2303 coti·

172 2343 271 2408 dionis
304 2343 417 2408 debitis
444 2345 592 2409 relaxatio
615 2345 793 2427 proueniret
820 2348 861 2423 et,
884 2345 915 2410 in
939 2345 1176 2428 temptationem
1208 2353 1296 2422 <ne>

170 2450 353 2527 reciderent,
381 2451 583 2532 implorarent
609 2453 670 2527 uel,
698 2454 735 2516 ut
762 2471 780 2515 a
807 2453 889 2516 malo
912 2452 1127 2528 liberarentur,
1155 2471 1299 2536 exposce·
1315 2474 1340 2515 ao

170 2558 249 2632 rent,
278 2555 305 2619 si
337 2555 415 2619 nihil
447 2559 530 2620 esset
562 2558 696 2634 omnino,
730 2576 790 2640 quo
823 2562 876 2624 aut
909 2558 1049 2622 debitum
1080 2561 1302 2641 praegrauaret

172 2661 300 2725 minime
327 2663 495 2726 relaxatum
529 2667 584 2726 sut
609 2664 775 2745 temptatio
807 2668 916 2746 posset
945 2663 1050 2728 inferri
1080 2665 1214 2747 peccati,
1246 2668 1301 2729 ant

122 2767 303 2844 19nullum,
345 2787 363 2831 a
403 2787 463 2851 quo
499 2768 714 2845 liberarentur,
736 2769 855 2833 malum
878 2788 1005 2850 prorsus
1033 2768 1191 2837 existeret.
1255 2771 1300 2835 sie

173 2876 278 2942 autem
302 2875 452 2955 quosdam
484 2879 592 2940 mouet
614 2875 791 2956 subripiens
814 2875 930 2941 inlusio
954 2875 1186 2955 dormientium,
1211 2875 1301 2958 quasi

172 2999 232 3044 non
266 2980 388 3062 grauior
420 2981 584 3045 aestimata
616 2982 658 3044 sit
689 2981 943 3062 concupiscentia
969 2981 1169 3066 uigilantum.
1196 3001 1301 3065 quarn·
1316 3003 1339 3045 a

173 3085 222 3149 uis
252 3087 332 3150 enirn
361 3090 393 3150 et
418 3087 586 3151 insolentia
614 3087 781 3169 corporalis
818 3087 1011 3169 frequentius
1046 3088 1230 3152 refrenanda
1261 3087 1301 3152 sit

174 3193 224 3257 uel
257 3193 460 3276 castigatione
491 3194 600 3257 ieiunii
627 3186 678 3257 uel
706 3193 846 3258 ciborum
878 3193 1058 3277 frugalitate
1090 3199 1299 3277 sumptorum,

173 3317 211 3362 ne
235 3299 363 3362 materia
386 3299 570 3381 praebeatur
593 3299 737 3364 humanis
762 3301 905 3364 sensibus
924 3300 1107 3364 fantasticae
1128 3300 1300 3384 uoluptatis

264 3489 276 3542 l
297 3488 355 3544 Cor.
375 3489 430 3552 19,
450 3490 483 3543 27
539 3491 571 3544 12
590 3490 623 3543 cf.
642 3490 738 3542 Maron.
759 3492 783 3554 6,
804 3490 835 3544 12
854 3508 893 3560 sq.
949 3489 982 3543 16
1001 3489 1058 3547 leh.
1076 3489 1090 3543 1
1110 3493 1134 3553 l,
1156 3490 1189 3544 10

211 3611 329 3681 lipsum
353 3611 383 3674 V,
402 3629 502 3666 corno
574 3613 646 3666 etin
666 3614 822 3666 seruitutem
844 3614 906 3666 Cor.
926 3629 985 3666 curn
1008 3613 1129 3682 Volscio
1203 3614 1298 3681 8qua·

174 3703 283 3770 propter
325 3695 515 3768 monstrentur]
531 3701 658 3768 apodesis
672 3717 728 3755 ooo
741 3702 834 3754 statim
847 3702 967 3770 sequitur
975 3701 1022 3754 sed
1030 3717 1081 3769 per
1094 3701 1300 3755 anacolutbiam

175 3788 316 3858 quondam
334 3789 436 3841 demmin
454 3788 473 3859 ἕ
491 3793 525 3842 21
563 3791 595 3842 14
614 3790 677 3858 quid
696 3790 775 3843 Tbiel
791 3791 822 3842 irc
839 3792 893 3857 fine
905 3790 1081 3858 parapropbi
1093 3807 1202 3858 ponens
1219 3791 1299 3843 inter·

174 3877 323 3946 repudienda
335 3876 440 3945 siprcum
526 3879 558 3932 18
570 3895 623 3931 non
636 3877 754 3932 dedisset
771 3878 878 3945 scripsi:
898 3876 1062 3931 condidisset
1078 3877 1099 3930 V
1173 3875 1299 3932 cotidiani

176 3964 273 4018 debitis
297 3965 327 4028 V,
347 3966 462 4019 corrasi:
482 3967 609 4019 cotidiani
630 3966 714 4020 debiti
734 3986 746 4018 o
802 3967 835 4019 19
849 3967 877 4018 in
894 3966 1099 4035 temptationem
1111 3972 1174 4028 <ne>
1187 3965 1298 4019 Hartel:

175 4053 203 4106 in
221 4054 423 4122 temptationem
447 4053 481 4106 V:
495 4054 557 4107 (ne)
570 4055 597 4107 in
616 4057 710 4124 tempt.
730 4053 757 4106 0²
819 4055 852 4108 20
870 4053 1035 4108 recciderent
1057 4053 1083 4106 V
1137 4054 1168 4106 21
1191 4071 1243 4122 quo
1265 4052 1302 4106 V:

177 4141 248 4211 quod
269 4141 331 4194 Cor.
372 4141 405 4193 22
425 4141 520 4195 inferre
541 4141 570 4205 V,
590 4158 657 4196 corr.
680 4141 743 4195 Cor.
798 4144 830 4197 25
850 4141 1020 4211 uigilantium
1040 4158 1053 4190 ο
