2904 4672
175 235 236 300 176
429 230 472 285 Ad
489 231 599 285 Petrum
619 231 759 288 Fullonem
779 231 911 301 epistulae
930 231 1035 301 spuriae

173 428 312 490 ereatura
324 425 470 507 patiendo
484 428 600 502 earne?
619 425 647 490 si
665 427 770 490 autern
788 425 908 510 patitur
926 445 1016 491 earne
1035 426 1122 505 dens,
1142 431 1299 511 quomodo

172 551 232 597 non
259 531 377 614 patitur
404 531 542 598 deitate?
571 532 599 597 si
621 550 696 596 uero
720 550 779 597 non
802 533 922 615 patitur
944 532 1071 613 deitate,
1096 552 1158 617 qna
1178 536 1302 618 patitur

129 663 132 668 ·
172 640 287 703 cerne?
315 637 343 701 si
370 639 475 702 eutem
503 656 594 702 earne
620 637 748 721 patitur,
776 639 933 721 quomodo
962 652 1022 703 non
1054 639 1174 723 patitur
1206 643 1300 708 etiam

142 743 240 826 ilipse
263 743 364 809 deus?
432 743 460 807 si
483 746 586 808 entem
607 743 691 808 idem
709 746 758 809 est
776 741 878 810 dicere
896 745 964 811 ‘deo
981 764 1075 829 passo
1097 747 1199 810 oame’
1216 749 1301 831 quod

173 849 274 914 dioere
296 849 430 914 ‘Christo
453 868 547 932 passo
570 866 680 928 earne,
704 849 859 932 quomodo
882 870 943 916 non
966 851 1025 916 erit
1042 851 1177 928 (idem>
1199 852 1300 920 dicere
1330 882 1342 920 s

181 954 310 1038 spiritns
334 959 459 1020 sanetus
481 955 599 1039 patitur
621 955 732 1031 eame’,
757 955 902 1038 quoniam
925 956 1001 1022 deus
1025 958 1155 1038 spiritus
1180 962 1253 1024 est?
1273 960 1301 1024 si

171 1079 245 1125 uero
276 1079 337 1125 non
369 1062 419 1125 est
450 1060 553 1126 simile
585 1060 685 1125 dioere
717 1060 785 1129 ‘deo
816 1081 909 1145 passo
943 1063 1043 1126 eeme‘
1075 1063 1158 1145 quod
1195 1064 1299 1129 dicere

177 1165 304 1231 ‘Christo
332 1185 425 1250 passo
454 1184 564 1245 earne,
589 1166 745 1249 quomodo
767 1167 920 1249 possibile
944 1171 992 1233 est
1015 1169 1150 1251 amplius
1173 1170 1301 1253 proprie

171 1271 293 1337 efficere
316 1271 408 1336 deum
432 1272 562 1336 uerbum
586 1291 631 1350 ea,
656 1292 734 1356 quae
759 1273 859 1339 oannis
883 1279 966 1351 sunt,
991 1292 1084 1355 quam
1106 1277 1227 1357 patrem
1253 1295 1299 1354 ea,

120 1389 161 1454 10
171 1397 249 1461 quae
277 1378 365 1444 uerbi
392 1382 489 1444 sunt?
518 1379 673 1462 quomodo
706 1382 820 1457 autem,
853 1380 881 1445 si
912 1379 1034 1463 proprie
1066 1380 1186 1463 patitur
1219 1381 1297 1446 deus
1316 1415 1338 1454 o

105 1548 107 1552 ,
170 1484 301 1549 uerbum
319 1503 418 1563 earne,
438 1485 591 1567 quomodo
609 1504 670 1550 non
690 1486 748 1550 erit
766 1487 860 1550 etiam
877 1490 965 1568 pater
982 1485 1104 1568 proprie
1123 1486 1180 1551 deo
1199 1487 1297 1551 uerbo

93 1641 94 1644 ,
169 1588 314 1672 patiens?
337 1593 369 1655 et
392 1590 418 1657 si
441 1592 583 1656 mortuus
607 1594 656 1656 est
677 1591 755 1656 deus
777 1591 908 1655 uerbum
932 1609 1031 1666 carne,
1055 1591 1211 1673 quomodo
1236 1592 1297 1656 erit

171 1694 445 1760 consubstantialis
462 1695 545 1778 patri
565 1715 620 1778 per
641 1695 920 1761 inmortalitatem?
944 1697 998 1778 qni
1022 1697 1104 1761 enim
1125 1716 1181 1779 pro
1206 1698 1297 1762 nobis

170 1803 313 1866 mortuus
332 1803 390 1879 est,
408 1819 470 1866 non
488 1804 538 1867 θεὴ
554 1801 758 1879 immortalisr
778 1805 922 1868 mortuus
946 1806 994 1868 θεὴ
1017 1803 1098 1867 enim
1122 1804 1297 1868 secundum

171 1906 255 1988 quod
277 1906 428 1991 seriptum
451 1909 509 1972 est.
534 1909 566 1974 et
584 1907 612 1972 si
629 1928 710 1973 unus
728 1908 878 1974 trinitatis
897 1911 1039 1974 mortuus
1059 1911 1116 1984 θεὴ,
1137 1910 1296 1991 quomodo
1316 1943 1338 1983 ‚5

170 2032 230 2078 non
254 2016 303 2078 θεὴ
323 2012 406 2079 faeta
429 2012 564 2080 dualitas
586 2014 733 2081 trinitus?
757 2019 789 2080 et
811 2015 839 2079 si
862 2014 996 2079 dualitas
1019 2014 1144 2079 trinitas
1167 2017 1298 2080 nonest

171 2138 320 2202 umquam
341 2120 433 2198 faeta,
457 2119 612 2202 quomodo
635 2140 717 2186 unus
739 2120 890 2186 trinitatis
912 2122 1055 2185 mortuus
1074 2123 1132 2197 est,
1152 2121 1179 2184 si
1200 2121 1299 2185 altera

171 2225 281 2289 natura
308 2224 358 2289 dei
384 2224 482 2304 uerbi,
510 2224 570 2291 hoe
598 2228 646 2291 θεὴ
668 2225 829 2292 hominum
850 2228 969 2302 natura,
993 2245 1053 2290 non
1078 2228 1127 2290 θεὴ
1149 2228 1298 2291 mortua?

171 2329 198 2393 si
221 2333 326 2395 autem
348 2333 396 2396 ter
418 2334 525 2396 saneta
545 2349 607 2396 uox
628 2331 751 2396 trinitas
769 2350 830 2404 non
848 2332 1003 2411 subsistit,
1023 2331 1125 2415 palam
1145 2334 1204 2410 θεὴ,
1225 2332 1300 2414 quia

170 2435 263 2501 unius
291 2436 514 2502 subsistentiae
541 2455 610 2502 esse
637 2437 751 2502 asseris
777 2436 966 2502 trinitatem:
996 2440 1028 2503 et
1054 2437 1210 2519 quomodo
1238 2456 1299 2502 non
1317 2477 1342 2517 20

171 2543 352 2608 monstraris
381 2562 449 2609 esse
477 2542 697 2609 sabellianus?
725 2543 753 2609 si
775 2547 880 2608 autem
903 2544 934 2608 in
957 2544 1058 2609 tribus
1082 2544 1299 2617 subsistentiis

171 2668 233 2714 una
262 2642 373 2715 natura
403 2652 453 2716 θεὴ
480 2649 569 2718 uocis
600 2652 649 2715 ter
680 2655 814 2729 sanotae,
848 2649 1002 2732 quomodo
1034 2670 1093 2716 non
1125 2650 1300 2716 trinitatem

172 2755 349 2821 eruoifixam
376 2755 454 2822 dieis
481 2759 514 2823 θὴ
539 2760 638 2822 temet
664 2756 769 2839 ipsum
797 2755 863 2821 sine
892 2755 948 2820 deo
973 2755 1055 2820 siout
1076 2755 1299 2821 Marcionistae

172 2880 241 2926 esse
263 2881 323 2927 non
347 2860 425 2927 dieis
446 2861 479 2926 in
501 2860 641 2928 mundo?
1355 2937 1357 2940 Α

122 2979 160 3042 11
214 2967 231 3030 I
254 2966 363 3032 Omnis
385 2967 502 3049 itaque,
526 2967 580 3050 qui
602 2967 680 3032 dieit
696 2986 790 3032 unam
809 2970 951 3032 naturam
971 2967 1021 3031 dei
1039 2967 1127 3032 uerbi
1146 2970 1178 3032 θὴ
1197 2968 1300 3032 carnis

77 3152 78 3155 Ἴ
172 3075 204 3136 θὴ
226 3092 286 3137 non
310 3073 388 3139 duas
409 3074 514 3139 unitas
536 3072 761 3156 indiuisasque‚
786 3073 958 3137 damnetur.

207 3247 330 3317 2quiV
365 3247 482 3303 «letiam
499 3213 1135 3317 supralineaV(dr11⁸pseB,a'tautdrreta
1154 3252 1302 3300 amanal

168 3340 266 3403 postea
284 3335 384 3390 addito
400 3336 457 3390 sint
503 3337 521 3390 4
539 3336 611 3405 quod
630 3336 716 3390 disere
729 3334 836 3390 Christo
855 3352 933 3405 passo
952 3351 1029 3388 earne
1043 3351 1094 3390 em,
1114 3334 1145 3398 V,
1164 3335 1195 3387 io
1213 3349 1300 3403 marp.

174 3423 238 3477 add.
257 3440 331 3478 mon.
348 3427 368 3477 2
384 3428 417 3477 at
433 3422 543 3478 uidetur
613 3424 660 3493 qui
678 3423 766 3478 dicere
783 3423 811 3479 Β
872 3422 978 3477 tidem
996 3440 1046 3478 om.
1071 3421 1121 3475 VB
1182 3422 1301 3491 depini·

173 3514 218 3564 tus
240 3510 276 3565 V:
294 3516 403 3566 sanetus
419 3511 448 3565 Β
488 3511 565 3565 7θεὴ
582 3527 632 3566 om.
651 3510 678 3564 B
716 3510 879 3581 8pasaibile
897 3510 924 3564 Β
994 3510 1115 3581 propriae
1132 3509 1160 3563 Β
1204 3509 1301 3564 soffi-

174 3599 281 3653 oareV
349 3603 413 3654 sunt
430 3615 480 3655 om.
497 3600 526 3654 Β
597 3616 644 3653 aea
666 3599 693 3653 V
751 3600 785 3654 10
803 3599 925 3669 propriae
942 3598 970 3651 Β
1030 3599 1061 3652 11
1081 3603 1145 3652 orate
1164 3597 1301 3669 quomodo

174 3698 281 3742 masam
299 3694 337 3742 aet
354 3687 470 3743 alterum
488 3688 619 3759 quomodo
636 3688 665 3742 Β
733 3704 787 3742 non
804 3704 892 3758 sopra
909 3687 984 3742 liaeo
1000 3687 1028 3740 Β
1088 3687 1120 3741 15
1139 3685 1255 3755 sriptum
1277 3685 1306 3740 V

177 3777 208 3831 16
225 3780 269 3830 θεὴ
285 3782 346 3846 post
362 3780 483 3832 mortuus
501 3793 551 3832 om.
569 3777 597 3831 Β
684 3777 792 3831 trinitas
815 3781 878 3831 uate
896 3793 949 3829 non
967 3792 1018 3830 om.
1035 3775 1064 3829 Β
1152 3774 1240 3829 18110
1259 3778 1304 3829 θεὴ

176 3865 342 3919 ominumV
408 3869 514 3920 mortua
530 3882 585 3919 non
603 3868 645 3920 θεὴ
662 3871 726 3933 trop.
745 3865 773 3918 Β
840 3865 932 3918 litter
950 3881 999 3920 om.
1018 3865 1045 3917 Β
1116 3862 1242 3917 subsistit
1264 3863 1304 3917 V.-

176 3954 366 4009 snbsistentiae
383 3954 411 4008 Β
464 3955 496 4008 21
515 3954 658 4008 monstrari
675 3954 702 4006 Β
773 3953 934 4007 sabellianus
954 3970 986 4008 aa
1003 3952 1166 4007 sabellianos
1184 3967 1256 4009 corr.
1280 3953 1308 4006 V

176 4042 210 4096 22
228 4042 482 4097 sociaremus
521 4059 575 4096 nou
592 4042 628 4096 V:
646 4042 729 4112 igitur
747 4041 774 4095 Β
808 4040 1076 4097 romanianum?
1111 4040 1145 4094 25
1165 4056 1259 4094 omnes
1276 4041 1305 4095 Β

176 4135 202 4184 et
218 4128 251 4184 K
265 4130 310 4185 uo
326 4131 460 4198 insipiens
