2904 4672
608 267 917 338 mmmm
1264 270 1335 332 ma

195 464 271 528 sunt
303 461 420 526 directa
452 463 645 544 temporibus
677 462 859 539 constituta,
893 465 1007 545 quanta
1041 462 1078 526 de
1115 461 1258 544 plurimis
1295 461 1326 526 in

155 632 157 636 Α
193 569 350 652 praesenti
378 569 553 632 necessaria
582 569 782 645 credidimus,
810 567 1077 650 superadieoimus
1104 570 1251 652 rogantes
1274 587 1329 650 per

193 675 311 754 ipsum,
336 673 426 737 ouius
451 691 562 737 causas
584 673 705 757 integre
729 692 820 757 agere
843 673 1001 738 festinatis
1021 676 1052 737 et
1071 661 1186 756 cupitis
1206 673 1329 750 christi·
1367 683 1369 686 ’

196 779 323 843 unitatis
346 778 470 854 affectu,
494 782 532 842 ut
553 779 701 842 uniuersa
722 781 826 863 legere
849 779 951 862 pietas
974 782 1082 844 uestra
1104 777 1250 863 dignetur
1271 798 1328 844 nec

167 884 315 965 saliquid
343 884 490 966 supersit,
519 885 603 968 quod
631 885 758 951 minime
785 887 950 968 relegatur.
980 884 1045 950 scio
1074 884 1157 948 enim
1185 885 1267 967 quia,
1300 885 1329 948 si

194 985 272 1054 deus
300 989 393 1053 uobis
420 989 545 1072 legendi
572 989 693 1054 dederit
719 990 923 1067 uoluntatem,
950 990 996 1054 ita
1023 992 1136 1054 cuncta
1157 991 1326 1054 tractantes
1382 974 1409 1019 7

193 1095 348 1178 sapientia
365 1095 456 1160 uobis
477 1095 679 1178 singulariter
697 1114 715 1158 a
734 1095 789 1160 deo
809 1114 960 1161 concessa
978 1095 1153 1178 disponitis,
1172 1098 1210 1166 ut
1226 1114 1327 1178 neque
1394 1151 1396 1154 a

192 1201 231 1264 de
263 1201 414 1284 religione
446 1219 546 1282 neque
578 1201 616 1264 de
649 1201 753 1284 aliquo
789 1201 980 1284 praeiudicio
1017 1200 1152 1283 quilibet
1186 1200 1325 1266 fidelium
1396 1212 1398 1215 ·

192 1306 392 1371 sacerdotum
410 1307 513 1388 possit
530 1307 562 1370 in
583 1308 723 1389 qnalibet
740 1312 827 1389 parte
845 1308 961 1372 uexari.
979 1307 1133 1389 rationem
1147 1326 1204 1371 nos
1217 1306 1326 1389 igitur,
1337 1300 1379 1368 14

148 1432 174 1470 ιο
191 1415 286 1495 prout
313 1413 549 1478 christianitatis
578 1417 703 1479 uestrae
731 1414 877 1478 meritum
901 1415 1093 1496 postulabat,
1116 1413 1147 1487 in
1172 1415 1325 1496 quantum

191 1518 362 1596 ualuimus,
402 1518 576 1584 reddidisse
617 1519 764 1596 sufficiat,
806 1521 951 1603 quamuis
993 1539 1049 1585 nos
1094 1519 1173 1583 nihil
1217 1519 1324 1583 contra

192 1623 354 1708 synodalia
367 1625 418 1689 uel
433 1624 634 1690 decessorum
649 1628 827 1690 nostrorum
841 1627 1021 1708 praesulum
1037 1625 1120 1690 sedis
1135 1624 1325 1707 apostolicae

192 1729 366 1794 constituta
396 1733 451 1794 aut
482 1731 679 1795 commisisse
711 1731 830 1812 aliquid
862 1735 917 1795 aut
948 1733 1121 1812 temptasse
1158 1731 1324 1812 quisquam

190 1835 267 1899 licet
289 1837 414 1899 astutus
438 1838 469 1900 et
491 1835 618 1917 suptilis
641 1836 788 1901 inueniet.
807 1855 845 1900 ea
863 1855 946 1913 uero,
967 1855 1044 1918 quae
1061 1835 1135 1900 fidei
1153 1835 1324 1917 catholicae

146 1964 173 2003 ss
191 1942 245 2005 uel
264 1941 384 2005 animae
403 1943 527 2005 uestrae
546 1941 721 2025 expediunt,
741 1943 779 2006 de
797 1929 870 2024 qua,
888 1943 972 2006 sicut
985 1942 1080 2006 uouit
1092 1941 1193 2024 pietas
1207 1944 1323 2038 uestra,

191 2049 224 2111 et
262 2065 318 2128 pro
360 2045 546 2111 sacerdotali
586 2045 689 2110 officio
732 2048 765 2126 et
803 2066 858 2128 pro
899 2045 1128 2129 multiplicibus
1164 2045 1323 2127 praestitis

191 2152 374 2218 clementiae
401 2155 525 2216 uestrae
554 2170 682 2215 causam
705 2151 777 2233 plus
801 2151 871 2217 aliis
894 2151 992 2217 habeo
1017 2150 1185 2233 cogitandi,
1209 2169 1324 2236 sugge-

190 2267 305 2334 re<re>
325 2276 386 2334 uon
406 2257 534 2323 omitto:
552 2257 583 2321 in
603 2257 712 2339 primis
732 2257 945 2340 supplicantes
965 2260 997 2321 et
1013 2257 1115 2339 ipsius
1134 2256 1219 2321 beati
1236 2256 1375 2320 Petri15
1436 2251 1439 2257 ’

190 2363 336 2447 apostoli,
365 2383 466 2446 quem·
481 2363 634 2447 diligitis,
648 2363 859 2444 intercedente
883 2362 1031 2447 suffragio
1054 2362 1263 2444 postulantes,
1287 2364 1323 2426 ut

142 2490 171 2528 no
189 2489 314 2551 semper
335 2470 398 2534 huc
417 2469 455 2533 ad
474 2469 581 2533 sedem
598 2467 803 2550 apostolicam
821 2488 876 2551 pro
896 2468 1096 2551 disponendis
1115 2467 1322 2550 reipublicae

188 2577 314 2639 uestrae
341 2575 534 2639 utilitatibus
563 2574 750 2638 orthodoxas
779 2576 812 2639 et
839 2573 899 2660 deo
922 2574 1055 2657 placitas
1080 2577 1112 2638 et
1133 2592 1245 2659 rugam
1267 2577 1323 2637 aut

188 2680 344 2745 maculam
367 2680 440 2744 fidei
462 2699 524 2745 non
546 2680 697 2744 habentes
722 2679 892 2763 dignemini
912 2679 1067 2744 destinare
1085 2697 1247 2762 personas,
1265 2698 1321 2761 per
1359 2701 1361 2704 ’

178 2772 266 2866 μ(ῃιῑιε
295 2786 326 2848 et
353 2803 398 2861 ea,
428 2802 507 2867 quae
535 2783 662 2865 publico
690 2789 798 2849 uestro
826 2784 1027 2861 conueniunt,
1051 2783 1218 2848 salubriter
1240 2783 1321 2848 ordi·

186 2893 298 2955 nentur
325 2893 357 2953 et
383 2908 439 2972 pro
467 2890 588 2953 animae
615 2891 740 2954 uestrae
767 2890 911 2954 mercede
939 2889 1111 2954 catholicae
1129 2888 1334 2971 disciplinae.

141 3015 170 3062 aa
185 2997 217 3062 in
233 2996 320 3060 uallo
340 2994 543 3060 contmbetur
559 2994 734 3078 integritas,
749 2997 787 3058 ut
803 2994 944 3060 uniuersi
961 3013 1084 3059 reuera
1101 2994 1183 3071 illud
1201 2995 1319 3077 gratiae
1393 3069 1395 3073 ¹

186 3101 332 3168 caelestis
364 3119 478 3164 munus
510 3101 582 3178 iam,
615 3101 700 3166 sicut
730 3103 763 3191 et
794 3100 961 3178 credimus,
992 3101 1144 3183 pietatem
1180 3103 1320 3164 uestram

184 3207 299 3272 habere
323 3209 522 3289 cognoscant,
546 3205 630 3288 quod
654 3205 800 3271 Salomon
824 3206 926 3271 adhuc
950 3226 968 3270 a
990 3206 1114 3271 domino
1138 3205 1321 3288 postulabat
1393 3214 1395 3218 ‘

186 3311 310 3377 dicens:
353 3306 467 3374 dabis
509 3329 624 3376 seruo
665 3313 734 3375 tuo
773 3331 839 3376 oor
879 3309 1019 3402 audire
1060 3314 1099 3376 et
1133 3310 1317 3375 iudicare

183 3417 378 3501 populum
414 3419 525 3481 tuum
560 3416 598 3480 in
633 3416 883 3482 iustitiaet
922 3417 1170 3500 intellegere
1211 3417 1318 3481 inter

140 3523 328 3588 amalum
355 3524 395 3586 et
420 3523 575 3587 bonum.
603 3525 636 3586 et
662 3523 736 3605 quia
761 3523 939 3605 partilium
962 3526 1105 3587 nostrum
1127 3521 1370 3590 Domnicumlii

182 3629 396 3713 praesentium
408 3628 591 3714 portitorem
605 3628 757 3709 quaedam
772 3629 868 3693 uerbo
884 3613 1079 3714 suggerenda
1088 3626 1316 3705 mandarimus,

267 3841 548 3913 mmmm

217 3964 234 4018 3
255 3979 362 4018 causam
380 3981 398 4015 α
468 3964 616 4035 elegendi
632 3965 742 4034 serapti:
759 3966 848 4034 legem
869 3966 896 4020 V
964 3967 979 4020 7
997 3961 1075 4020 nobis
1099 3965 1130 4030 V,
1155 3981 1223 4020 corr.
1246 3965 1310 4020 Gor.

180 4053 266 4106 9nos
288 4052 325 4106 V:
342 4052 385 4106 his
403 4052 473 4108 Bar.
574 4054 604 4109 17
628 4051 709 4108 causa
731 4053 763 4118 V,
786 4069 853 4108 corr.
876 4052 903 4106 o²
1008 4070 1123 4127 suggero
1150 4053 1183 4118 V,
1206 4061 1274 4108 corr.
1295 4072 1312 4105 α

180 4140 217 4194 20
234 4139 407 4210 disponendis
429 4140 456 4194 V
471 4157 539 4195 occ
556 4157 590 4195 eu
608 4140 644 4209 (l)
664 4157 734 4196 corr.

233 4263 322 4303 xxxv.
1210 4246 1245 4301 23
