2904 4672
160 268 224 331 208
425 263 467 317 Ad
484 262 593 318 Petrum
610 261 750 316 Fullonem
768 262 898 331 epistulae
917 262 1022 331 spuriae

162 477 180 521 a
205 460 304 522 temet
330 458 399 541 ipso
428 457 603 533 conuictus,
632 477 704 522 cum
732 459 791 523 hoc
819 462 851 522 et
876 457 984 522 Arrius
1013 458 1133 522 dixerat
1154 459 1239 541 ‘quia
1262 461 1289 525 si

162 565 320 648 passibilis
339 568 388 629 ost
405 565 499 642 filius,
516 567 605 645 pater
622 583 696 630 uero
716 584 787 642 non,
803 565 959 646 quomodo
975 566 1256 630 consubstantialis
1265 566 1291 630 ,θ’

133 669 226 736 lnoli
253 691 325 755 ergo
352 672 436 736 hunc
464 670 558 734 uerbo
586 689 731 753 respuere
759 674 791 734 et
818 689 909 753 opere
936 671 1096 749 honorare,
1126 672 1200 752 qnia
1229 690 1290 736 non

164 778 267 841 solum
294 778 378 842 diota
405 777 472 842 eius
499 777 636 858 loqueris
665 777 720 841 sed
748 777 842 841 etiarn
875 777 956 842 ultro
989 777 1193 855 transcendis,
1219 777 1292 859 quia

164 886 289 966 propter
301 883 360 948 hoc
374 883 481 946 uisum
496 885 544 946 est
558 882 699 964 patribus
716 882 817 947 dicere
832 884 916 947 siout
934 883 1088 964 seraphim
1107 883 1291 967 trisagion,
1321 911 1332 946 ,ε

165 989 247 1070 quod
275 989 438 1054 confirmat
463 989 830 1068 consubstantialitatem,
855 992 885 1054 et
907 1009 962 1072 per
984 990 1061 1053 hanc
1084 989 1293 1054 decorandam

164 1113 273 1160 uocem
306 1095 392 1160 illius
426 1100 475 1161 est
511 1096 661 1160 hactenus
692 1096 851 1177 increpata
881 1096 1078 1178 blasphemio
1107 1099 1140 1160 et
1171 1115 1207 1161 ex
1234 1097 1294 1160 hoc

164 1200 257 1265 multi
301 1201 427 1267 illorum
473 1201 831 1267 consubstantialitatem
878 1202 1029 1286 eligentes
1076 1202 1114 1266 ad
1153 1205 1294 1267 nostram

134 1307 330 1372 8ecelesiam
359 1312 587 1373 concurrerunt.
655 1308 710 1371 ubi
729 1312 782 1371 ⁴est
806 1326 877 1391 ergo
902 1308 984 1390 apud
1007 1317 1039 1372 te
1063 1308 1294 1378 consubstanti-

166 1413 280 1477 alitas?
309 1431 381 1479 ecce
409 1413 490 1477 eninr
520 1413 689 1496 deprauata
712 1417 759 1477 est
783 1432 800 1476 a
823 1418 853 1478 te
877 1414 1058 1478 inlustrium
1081 1417 1217 1496 patrum,
1242 1415 1297 1496 qui
1312 1441 1335 1481 ιο

167 1519 198 1582 in
220 1519 336 1583 Nicaea
359 1519 541 1604 congregati
564 1525 645 1596 sunt,
675 1519 785 1602 synodi
809 1519 959 1584 aduersus
982 1520 1106 1584 Arrium
1131 1514 1296 1602 expositio.

168 1645 267 1708 neque
282 1625 363 1689 enim
379 1628 414 1689 ut
429 1625 613 1708 prudentem
634 1645 806 1691 sermonem
826 1628 897 1690 uult
914 1627 1115 1710 interpretare
1133 1627 1297 1711 trisagion,

168 1733 223 1796 sed
251 1731 344 1796 etiarn
373 1735 422 1796 est
447 1731 548 1815 ipsius
575 1751 696 1806 uocem,
725 1732 808 1796 sicut
835 1732 919 1815 aspis
952 1733 1046 1797 surda
1078 1737 1110 1797 et
1147 1737 1298 1814 opturans

135 1837 258 1903 taurea
287 1857 370 1912 suas,
400 1838 623 1920 pertimescens
654 1842 815 1919 tamquam
842 1838 984 1921 iniquum
1015 1839 1178 1906 audiendo.
1249 1841 1302 1904 cui

168 1947 204 2010 tu
226 1963 308 2009 nuno
332 1961 422 2008 aures
445 1947 515 2009 tuas
535 1945 686 2026 aperuisti
704 1945 840 2010 adiciens
852 1945 1015 2011 ’inmortali
1033 1949 1166 2009 mortem
1185 1946 1300 2011 crucis.
1318 1969 1340 2010 n

168 2069 240 2115 ecco
273 2051 354 2114 enim
388 2070 423 2114 er
454 2049 513 2115 hoc
545 2051 741 2116 consentiens
773 2051 832 2114 tibi
866 2055 914 2116 est
946 2051 1081 2117 canendo
1108 2053 1139 2115 in
1167 2052 1301 2136 trisagio

170 2157 235 2238 ‘qui
254 2155 418 2221 crucifixus
443 2175 476 2221 es
499 2159 625 2239 propter
647 2158 725 2234 nos‘,
750 2158 862 2235 sciens,
887 2159 959 2239 quia
983 2177 1017 2221 er
1040 2160 1099 2222 hoc
1122 2157 1229 2222 ablata
1251 2161 1302 2222 est

170 2261 478 2327 consubstantialitas
505 2262 664 2339 trinitatis,
689 2267 720 2327 et
743 2263 886 2345 probans,
911 2263 985 2346 quia
1008 2264 1106 2329 maior
1128 2267 1218 2346 pater
1240 2267 1301 2336 est,

150 2367 506 2455 ¹qnipropriofilio
525 2389 598 2434 non
616 2388 783 2451 parcens
804 2369 871 2433 sed
889 2389 957 2450 pro
976 2369 1091 2434 nobis
1111 2370 1301 2434 omnihus

120 2471 332 2538 ldtradens
357 2494 441 2538 eum
465 2475 496 2537 in
519 2478 661 2540 mortem.
715 2475 771 2540 sed
794 2475 872 2539 dicis
896 2475 982 2557 ‘quid
1005 2494 1077 2559 ergo
1097 2475 1344 2558 reprehendisse

169 2579 380 2662 apostoluml‘
407 2578 504 2644 absit!
534 2580 587 2645 sed
614 2587 647 2645 te
673 2581 861 2664 reprehendo
890 2601 962 2646 cum
995 2582 1079 2646 socio
1112 2585 1165 2646 tuo
1197 2582 1299 2659 Arrio,

170 2685 244 2767 quia
270 2702 315 2759 ea,
346 2703 424 2766 quae
452 2685 530 2750 bene
558 2688 632 2750 sunt
659 2686 753 2760 dicta,
783 2686 983 2751 adulterastis
1006 2687 1185 2771 ignorantes
1209 2687 1300 2751 intel·

168 2791 284 2855 lactum
310 2809 427 2855 eorum.
453 2809 514 2873 quo
534 2791 625 2856 modo
646 2793 727 2860 eninr
748 2792 902 2873 quispiam
923 2793 1147 2876 sempiternum
1166 2795 1299 2859 uerbum

169 2916 264 2962 suum
296 2897 389 2962 morti
421 2897 541 2962 tradere
573 2917 633 2962 non
664 2899 812 2981 pepercit,
847 2917 879 2962 se
910 2899 1016 2980 ipsum
1052 2899 1191 2963 tradidit.
1229 2901 1298 2965 ‘non

169 3005 275 3067 autem
302 3003 347 3067 ita
375 3004 525 3086 scriptum
556 3005 632 3068 est?
659 3005 757 3069 absit!
786 3004 862 3068 haec
890 3007 994 3068 autem
1022 3005 1105 3087 apud
1132 3024 1189 3070 uos
1216 3006 1300 3070 dicta
1316 3033 1340 3074 ss

168 3111 244 3173 sunt
266 3112 426 3191 tamquam
450 3130 510 3176 non
534 3110 717 3175 confitentes
738 3110 871 3193 duplicis
891 3114 1017 3175 naturae
1037 3129 1106 3176 esse
1126 3111 1297 3190 Christum,

169 3213 300 3278 eundem
336 3216 518 3311 passibilem
551 3219 583 3281 et
619 3217 782 3283 mortalem
818 3220 854 3280 ut
893 3217 1050 3299 hominem
1092 3221 1125 3282 et
1165 3218 1297 3283 eundem

258 3404 291 3457 19
309 3404 385 3458 Rom,
405 3405 429 3470 8,
448 3406 482 3459 32

206 3511 218 3565 1
240 3509 298 3578 ipsa
322 3511 352 3573 V,
372 3527 439 3564 corr.
455 3531 472 3567 ,o
544 3513 560 3565 2
580 3511 648 3565 filios
671 3512 703 3576 V,
722 3528 824 3566 corrso
896 3513 1110 3567 consubstantias
1134 3514 1164 3578 V,
1184 3530 1252 3568 corr.
1272 3511 1297 3565 o²

169 3597 351 3666 3hopereV
436 3599 618 3654 dtransoedis
641 3600 671 3664 V,
691 3616 759 3655 corr.
779 3619 796 3652 α
885 3602 1042 3671 5aeraphin
1065 3602 1090 3654 V
1168 3605 1253 3658 dane
1275 3602 1299 3655 l'

169 3685 318 3739 uenendam
337 3687 367 3751 V,
386 3704 454 3742 corr.
474 3686 501 3739 ο2
563 3688 706 3742 liliusV
793 3689 891 3743 exohoo
918 3689 950 3753 V,
975 3705 1077 3744 corano
1163 3691 1196 3746 10
1219 3690 1294 3744 inda·

169 3774 263 3826 strinm
285 3774 315 3839 V,
340 3777 445 3829 correcti
517 3777 546 3831 11
577 3777 671 3847 synodi
694 3776 734 3830 0²:
764 3778 873 3831 sinodus
904 3778 930 3830 V
1008 3779 1039 3832 13
1064 3781 1105 3832 est
1130 3780 1231 3849 scripsi
1252 3779 1294 3850 (cf.

169 3863 329 3920 Miodo'nslcc'
347 3864 385 3918 ad
402 3865 537 3935 Anodyna
558 3867 622 3920 adu.
643 3867 777 3928 aleatores
793 3883 820 3934 p.
842 3871 881 3929 71,
903 3871 947 3933 8):
965 3871 993 3921 et
1015 3868 1041 3921 V
1110 3870 1142 3923 1·5
1161 3868 1293 3922 inmortali

170 3968 203 4005 ecc
219 3952 388 4006 inmortalem
406 3969 475 4008 corr.
498 3955 524 4006 V
611 3957 643 4010 16
663 3955 847 4009 conscensiens
870 3956 896 4009 V
982 3956 1113 4026 trisagion
1137 3957 1168 4021 V,
1192 3956 1294 4012 coarcat

172 4067 204 4120 rs
222 4067 336 4136 probans
354 4069 464 4137 scs-spa:
481 4070 578 4138 prosae
600 4070 626 4122 V
676 4071 709 4124 ar
729 4036 792 4140 ,pt
816 4071 842 4123 r
909 4075 936 4125 te
955 4070 996 4129 0²:
1015 4074 1042 4126 es
1065 4072 1091 4124 V
1148 4073 1183 4126 aa
1201 4073 1290 4140 ingno-

170 4158 259 4210 rantes
282 4156 308 4209 V
355 4157 389 4212 23
409 4173 498 4211 earum
521 4159 551 4223 V,
570 4159 675 4213 correxi
1281 4177 1288 4190 ¹
