2904 4672
212 201 254 264 ‘28
361 195 509 256 Marcellini
528 198 556 248 et
573 195 695 249 Faustini
714 195 747 248 de
766 194 934 249 consessione
949 211 1028 249 uerae
1046 194 1110 249 fidei
1121 197 1178 250 etc.

210 387 344 456 horroris
367 393 417 455 eat
440 389 551 467 dicere,
579 375 623 454 'ad
655 391 817 458 cumulum
848 389 1015 474 perpetrati
1047 391 1204 476 sacrilegii
1236 391 1342 474 ipsum

211 496 307 560 altare
331 495 382 560 dei
405 494 443 561 de
467 496 622 561 dominico
647 497 807 561 sublatum
830 497 862 560 in
885 498 1002 579 templo
1027 498 1085 562 sub
1108 496 1240 579 pedibus
1262 497 1343 563 idoli

210 606 392 685 posuemnt.
415 597 493 667 haec
515 602 624 683 utique
647 602 695 665 illi
722 602 851 678 faciunt,
884 602 937 685 qui
959 602 1151 683 paenitentes
1184 602 1222 668 de
1245 603 1343 687 impie

213 707 442 789 subscriptione
466 708 606 790 suscepti
629 711 703 773 sunt
725 708 764 773 ad
787 708 973 773 catholicam
997 707 1194 790 disciplinam
1216 712 1344 791 propter

211 816 329 881 bonum
350 814 436 896 pacis
460 818 492 879 et
513 815 658 879 unitatis!
673 814 749 897 qnid
771 815 898 898 grauius
913 815 1039 899 gentilis
1063 816 1165 881 cultor
1185 814 1343 880 idolorum
1373 835 1385 875 s

161 915 337 998 iiiaceret,
370 920 398 985 si
434 920 561 985 haberet
595 920 755 984 licentiam
794 920 958 985 ecclesiam
994 920 1220 1003 persequendi?
1288 923 1343 987 secl

213 1026 295 1109 apud
316 1025 462 1090 Triueros
493 1027 638 1091 Bonosus
668 1026 831 1110 presbyter
856 1026 998 1097 inclusus
1029 1026 1198 1091 intestatus
1229 1028 1344 1093 audin

212 1150 327 1214 poenas
360 1151 452 1197 senex
483 1131 568 1196 dedit
607 1134 735 1214 propter
765 1133 996 1197 obseruantiam
1032 1132 1234 1198 intaminatae
1269 1122 1345 1214 lielei

211 1236 308 1316 illius,
327 1256 382 1320 pro
402 1256 463 1318 qua
482 1241 515 1302 et
528 1236 664 1320 inclytus
683 1237 834 1303 Paulinus
854 1238 993 1303 eiusdem
1013 1237 1152 1303 ciuitatis
1175 1239 1344 1322 episcopus

212 1342 244 1406 in
268 1342 359 1407 exilio
382 1345 499 1426 martyr
521 1343 656 1408 animam
688 1342 789 1410 cedia
816 1343 848 1423 in
876 1344 949 1427 ipsa
980 1362 1104 1427 qnoque
1135 1345 1211 1409 urbe
1243 1344 1345 1410 Roma
1363 1367 1390 1406 ιο

214 1467 307 1530 quam
338 1467 451 1533 greum
482 1449 718 1532 persecutiones
753 1448 898 1514 fidelibus
936 1449 1050 1514 inlatae
1091 1450 1178 1514 sunt!
1219 1451 1275 1515 ubi
1313 1455 1346 1516 et

136 1570 146 1640 j
212 1555 323 1619 beatus
345 1554 492 1619 Aurelius
524 1554 689 1638 episcopus
723 1555 956 1619 communicans
983 1553 1166 1619 beatissimo
1192 1554 1345 1640 Gregorio

213 1660 399 1741 aliquotiens
423 1660 560 1725 afflictus
583 1662 646 1738 est3
671 1660 800 1725 sedhic
823 1661 873 1726 uir
896 1663 1032 1739 sanctus,
1064 1661 1140 1726 licet
1172 1661 1215 1726 sit
1237 1680 1346 1744 saepe

163 1763 341 1832 78numero
374 1760 519 1845 afflictus,
560 1770 665 1831 tamen
703 1767 826 1850 propria
863 1766 1038 1832 accersione
1078 1767 1242 1849 requieuit.
1312 1769 1346 1833 in

212 1871 385 1937 Macarium
407 1891 482 1937 uero
504 1874 721 1956 presbyterum
744 1873 844 1938 multa
872 1873 1040 1954 impiorum
1069 1873 1236 1938 commissa
1258 1879 1346 1939 suut.
1366 1897 1394 1936 n

212 1977 266 2042 hie
286 1981 352 2042 erat
372 1978 404 2041 in
428 1978 536 2043 eadem
569 1979 644 2043 urbe
675 1979 775 2044 Roma
805 1979 969 2061 presbyter
999 1978 1095 2043 mirae
1123 1979 1345 2057 continentiae,

213 2102 273 2148 non
297 2083 369 2149 uino
394 2084 590 2150 stomachum
621 2085 774 2162 releuaus,
806 2104 866 2150 non
899 2085 999 2150 camis
1032 2084 1203 2150 esculentia
1230 2104 1361 2167 corpus¹

214 2207 337 2268 curans,
371 2189 425 2254 sed
457 2191 525 2255 oleo
558 2190 624 2254 solo
658 2207 745 2255 escas
778 2190 948 2273 asperiores
972 2190 1132 2274 mitigans,
1163 2190 1287 2255 ieiuniis
1313 2195 1348 2256 et

214 2295 406 2361 orationibus
429 2314 555 2361 uacans.
580 2314 653 2361 sane
676 2292 731 2378 pro
756 2296 865 2360 merito
888 2295 962 2360 fidei
985 2300 1018 2361 et
1039 2295 1228 2361 abstinentia
1249 2295 1346 2360 habe-

115 2455 116 2458 ,
212 2400 267 2465 bat
289 2401 421 2485 gratiam
444 2401 544 2465 sancti
567 2401 695 2484 spiritus
718 2401 750 2466 in
776 2402 845 2479 boo,
875 2405 912 2466 ut
935 2402 972 2467 de
1000 2401 1137 2467 obsessis
1161 2401 1345 2484 corporibus
1366 2428 1393 2466 eo

212 2505 326 2570 eiceret
347 2503 518 2576 daemonia.
544 2507 615 2576 ideo
638 2506 737 2571 uitam
760 2506 828 2572 eius
851 2507 1060 2590 meritumque
1087 2506 1344 2587 memorauimus,

145 2656 147 2658 ψ
212 2614 249 2675 ut
280 2615 366 2677 tanto
399 2613 500 2696 magis
532 2612 624 2695 impii
652 2611 828 2677 iudicentur·
858 2613 901 2690 hi,
940 2613 994 2696 qui
1026 2596 1106 2677 tales
1126 2613 1244 2677 vuiuere
1281 2631 1345 2677 non

162 2717 202 2780 79
212 2717 318 2782 sinunt
339 2717 371 2781 in
393 2717 532 2783 Romano
554 2717 698 2802 imperio.
767 2718 877 2783 eodem
894 2721 1034 2802 tempore
1049 2718 1155 2802 grauis
1175 2719 1346 2783 aduersum

210 2826 334 2889 nostros
357 2824 532 2906 persecutio
546 2824 740 2890 inhorruerat
751 2824 917 2890 infestante
935 2825 1070 2889 Damaso
1094 2824 1219 2908 egregio
1244 2824 1352 2912 archi

212 2919 369 3012 episcopo,
392 2929 437 2994 ita
457 2933 496 2997 ,ut
517 2929 662 2995 fidelibus
686 2930 901 2996 sacertotibus
924 2949 980 3013 per
1002 2930 1085 2994 diem
1114 2941 1217 2995 saeros
1240 2931 1343 3013 plebis
1363 2959 1389 2998 ae

213 3037 321 3100 coetus
345 3035 383 3101 acl
402 3036 641 3101 deseruiendum
661 3036 785 3101 Christo
805 3037 861 3101 deo
882 3054 1053 3101 conuocare
1071 3035 1168 3100 libere
1186 3055 1246 3100 non
1269 3036 1344 3101 lice·

251 3293 376 3347 lerroris
395 3292 420 3342 Φ
449 3295 840 3370 'cumillumX,cun1illop
894 3294 1098 3365 perpetratisV
1133 3294 1275 3348 2altarem
1291 3315 1343 3365 arcp

214 3382 366 3438 sublatum.
379 3423 384 3436 .
395 3381 461 3436 idoli
480 3399 530 3438 om.
548 3374 567 3453 ’φ
591 3382 593 3386 ”
630 3384 801 3438 caatholica
819 3384 962 3454 disciplina
981 3381 1005 3432 Φ
1066 3385 1083 3436 ὁ
1103 3381 1168 3452 quid
1192 3383 1230 3437 V:
1247 3399 1299 3452 que
1317 3381 1344 3431 Φ

214 3470 231 3524 6
249 3471 272 3524 ai
290 3470 402 3542 haberet
419 3487 470 3526 om.
491 3491 507 3548 p
564 3473 584 3529 7,
597 3473 711 3526 treuiros
729 3490 753 3538 κ,
772 3476 892 3527 treueros
912 3491 935 3536 c,
954 3476 1076 3525 treuerus
1096 3491 1130 3543 ap
1191 3471 1207 3525 9
1226 3471 1344 3540 inclytus

214 3574 295 3629 onae
352 3558 382 3611 ll
399 3559 555 3630 grauiam>
627 3561 822 3629 persecutionis
837 3579 895 3631 cap,
913 3558 1174 3629 persecutionibusn
1225 3559 1257 3612 12
1272 3576 1342 3613 com·

213 3646 335 3700 munient
352 3648 389 3711 X,
410 3663 548 3711 commune
567 3664 627 3702 eum
647 3669 663 3702 e
736 3649 769 3702 14
788 3649 938 3702 arcessione
957 3647 987 3697 Φ
1051 3650 1084 3702 15
1102 3648 1268 3702 macharium
1291 3648 1341 3701 ch

214 3734 358 3802 (machario
368 3736 414 3807 ap)
468 3736 553 3789 multa
567 3736 604 3790 V:
618 3735 720 3790 urrisu
759 3737 791 3791 16
805 3737 833 3790 in
848 3735 888 3790 V:
901 3736 969 3790 deo
1024 3734 1217 3791 eademom.¹l)
1254 3737 1287 3790 17
1303 3753 1344 3790 es·

213 3822 552 3895 colentiap,e1eolentiaX
588 3823 799 3878 inseremur>
836 3825 869 3878 19
879 3823 1060 3896 abstinentia,
1071 3823 1252 3878 abstinentiae
1260 3822 1342 3877 Sirra.

196 3909 247 3988 121
267 3910 366 3965 eiceret
384 3929 410 3963 o:
430 3911 514 3965 eicere
538 3910 570 3976 V,
589 3912 700 3966 eiecerit
717 3911 743 3961 Φ
762 3913 890 3980 (eiecerat
903 3916 928 3979 a)
982 3912 1016 3965 22
1034 3912 1074 3966 hii
1088 3931 1136 3982 cap
1209 3912 1302 3966 uidere
1316 3911 1344 3961 Φ

214 3997 248 4051 23
267 4001 365 4053 renunt
382 3985 420 4063 X,
439 3999 610 4071 sustinentp
681 3999 715 4053 25
735 3998 791 4054 dies
810 3998 836 4048 Φ
916 3999 1008 4069 plebes
1027 4018 1077 4070 aeg
1137 4000 1172 4053 26
1191 4003 1282 4053 coetus
1305 3999 1342 4054 V:

214 4085 340 4156 colligere
354 4085 497 4156 (collegere
511 4087 556 4154 X)
576 4089 604 4141 et
622 4104 667 4141 eos
685 4085 710 4135 Φ
729 4089 768 4155 (et
781 4103 826 4141 eoa
837 4127 843 4142 .
855 4129 861 4141 .
872 4087 966 4140 liceret
979 4104 1030 4143 orrr.
1043 4091 1069 4153 κ)
1124 4087 1293 4142 seruiendum
1309 4105 1343 4147 cn
1431 4108 1433 4112 ⁴
