2904 4672
569 258 654 327 Epist.
672 258 810 312 orimur
828 261 940 314 51-57.
1251 265 1313 329 245

185 457 237 530 qni
268 455 397 529 perfecit,
429 473 483 514 nec
516 456 575 515 eius
608 457 657 531 qni
688 458 850 520 memoriam
881 458 998 518 meritus
1027 462 1070 518 ost
1096 470 1149 518 neo
1177 460 1237 520 eius
1265 461 1314 535 qui
1325 464 1366 528 54

184 561 295 603 memor
312 544 405 604 factus
429 546 485 615 est*
505 560 558 603 nec
582 545 642 604 eius
666 546 714 620 qui
737 546 870 611 uisitatus
894 550 1008 606 estnec
1027 547 1087 607 eius
1107 548 1154 622 qni
1173 549 1311 620 uisitauit,

184 651 240 692 neo
267 633 328 692 eius
355 633 403 707 qui
429 633 514 707 paulo
542 634 635 692 minus
663 635 698 692 ab
722 635 832 710 angelis
854 636 1012 695 minoratus
1036 638 1080 696 est
1101 654 1154 696 neo
1178 637 1312 712 eiusqni

184 723 348 791 minorauit‚
376 739 429 781 neo
457 722 516 781 eius
545 724 593 797 qui
620 724 712 797 gloria
739 727 768 782 et
793 724 901 783 honore
929 728 1082 784 coronatus
1110 728 1228 785 estnec
1252 727 1312 785 eius

151 811 238 885 oqui
266 812 422 881 coronarit,
450 828 503 869 nec
531 811 591 869 eins
620 813 670 886 qni
698 813 870 871 const'tutus
894 817 938 872 est
961 831 1046 888 super
1069 831 1156 888 opera
1179 832 1312 874 mannum

186 899 236 957 dei
257 917 310 958 nec
333 899 392 958 eins
417 900 465 973 qui
489 900 644 965 constitnit,
668 918 721 958 nec
745 901 804 958 eins
829 902 876 974 qni
899 902 1012 977 accepit
1032 902 1089 961 ista
1112 904 1148 961 ad
1176 903 1312 970 subiecti-

186 1005 272 1046 onem
294 1005 347 1046 neo
370 988 430 1046 eius
454 989 503 1062 qni
525 989 604 1059 dedit
626 988 840 1048 subiectionem.

141 1175 142 1178 ,
231 1109 266 1172 In
295 1126 388 1188 supra
416 1107 498 1171 dioto
527 1111 638 1172 octauo
666 1108 802 1189 capitulo
831 1108 966 1173 diuersis
992 1109 1094 1174 modis
1116 1108 1244 1173 uidetur
1266 1109 1311 1174 in·
1323 1110 1363 1174 55

187 1214 261 1278 duci
284 1213 418 1278 dualitas
441 1233 642 1295 personarum
665 1233 720 1295 per
742 1213 801 1279 hoc
825 1215 908 1296 qnod
932 1214 1046 1279 dicitnr
1067 1216 1137 1280 ‘non
1159 1215 1236 1296 ipse,
1257 1216 1311 1296 qui

138 1340 166 1378 ιο
186 1323 258 1384 ante
281 1321 405 1384 saecula
429 1322 504 1394 erat,
528 1320 559 1383 in
578 1319 699 1384 ultimis
720 1320 868 1385 dicendus
888 1324 936 1385 est
954 1321 1077 1385 uenisse
1096 1321 1310 1404 temporibus‘,

186 1425 244 1491 sed
267 1427 356 1508 quasi
379 1428 477 1502 altera
500 1426 542 1490 sit
565 1425 757 1499 adsumentis
781 1427 1017 1504 humanitatem,
1037 1427 1135 1491 altera
1152 1427 1311 1510 adsumpti

185 1552 327 1615 persona.
352 1532 379 1597 si
397 1532 467 1613 quis
485 1531 583 1614 igitur
600 1533 675 1596 haec
693 1533 738 1596 ita
756 1533 839 1614 sapit
856 1533 948 1597 docet
966 1533 1063 1598 credit
1082 1536 1137 1597 ant
1153 1533 1312 1618 praedicat

187 1642 219 1703 et
241 1658 303 1703 non
326 1638 458 1702 cundem
482 1637 575 1701 deum
595 1639 735 1716 uerbum,
756 1626 809 1721 qui
828 1643 897 1703 ante
916 1641 1041 1704 saecula
1060 1658 1095 1703 ex
1113 1645 1199 1721 patre
1218 1643 1309 1707 natus

187 1746 246 1822 est,
268 1745 300 1808 in
323 1743 444 1808 ultimis
468 1744 660 1824 temporibus
684 1764 719 1808 ex
741 1744 833 1808 beata
854 1745 975 1829 uirgine
997 1744 1096 1808 Maria
1117 1745 1310 1810 incarnatum

143 1872 168 1910 re
187 1853 218 1915 et
234 1854 341 1914 natum
356 1869 425 1914 esse
444 1850 568 1927 fatetur,
588 1853 624 1913 ut
642 1869 722 1913 unus
742 1849 885 1932 idemque
906 1850 947 1915 sit
967 1850 1108 1916 Christus
1128 1831 1159 1913 in'
1179 1853 1309 1933 utraque

185 1959 305 2033 natura,
329 1956 493 2021 anathema
515 1956 566 2020 sit.

633 2150 793 2224 Capitulum
815 2152 863 2210 IX.

229 2278 319 2334 Istum
347 2275 434 2349 igitur
461 2275 562 2346 uirum,
589 2274 620 2332 in
644 2292 698 2348 quo
722 2274 824 2333 statuit
846 2275 971 2334 omnium
994 2275 1088 2334 facere
1111 2275 1245 2335 iudicium
1269 2277 1306 2333 ad

186 2365 271 2423 fidem
303 2364 469 2434 futurorum,
503 2381 566 2422 cnm
598 2364 797 2422 resuscitasset
828 2380 890 2421 eum
923 2382 956 2421 ex
984 2364 1103 2422 mortuis
1132 2367 1161 2422 et
1186 2365 1307 2423 indicem

141 2471 168 2511 ao
188 2453 312 2512 omnium
332 2454 556 2511 demonstrasset
578 2453 733 2511 secundum
757 2451 834 2510 beati
851 2452 934 2510 Pauli
951 2469 1059 2517 uocem.
1079 2453 1179 2511 merito
1198 2453 1307 2511 unitate

187 2542 223 2599 ad
240 2559 270 2600 se
289 2541 383 2615 ipsum
402 2542 536 2614 dignatus
556 2543 599 2599 est
618 2544 646 2599 ot
664 2558 715 2614 per
733 2540 961 2599 coniunctionem
981 2541 1016 2599 ad
1035 2558 1066 2599 se
1084 2541 1189 2600 factam
1207 2542 1306 2599 talium

185 2630 369 2704 participem·
386 2646 449 2688 eum
481 2629 558 2701 fecit,
591 2632 623 2687 nt
654 2632 684 2686 ot
714 2629 889 2688 adorationis
922 2630 1147 2689 communionem
1178 2630 1305 2701 haberet,

186 2719 317 2778 omnibus
340 2719 454 2792 quidem
478 2717 590 2777 diuinae
614 2722 733 2777 naturae
753 2719 884 2777 debitam
896 2718 1089 2777 adorationem
1109 2719 1305 2790 reddentibus,

185 2807 492 2880 comprehendentibus
511 2811 605 2866 antem
624 2807 788 2865 adoratione
808 2811 836 2865 et
857 2807 948 2877 illum,
972 2825 1054 2880 quem
1076 2807 1307 2882 inseparabiliter

138 2915 166 2956 25
185 2895 242 2954 soit
263 2895 318 2954 sibi
342 2896 532 2955 coniunctum.
558 2914 591 2953 ex
614 2912 668 2968 quo
691 2895 872 2954 manifestum
896 2897 947 2967 est,
968 2896 1044 2969 quod
1063 2896 1099 2953 ad
1115 2896 1225 2957 maiora
1243 2913 1305 2954 eum

183 2985 355 3058 perduxerit.

227 3103 262 3166 In
290 3121 384 3185 supra
412 3103 526 3184 scripto
549 3122 629 3167 nono
654 3101 789 3185 capitulo
814 3101 1040 3166 coniunctionis
1064 3105 1096 3166 et
1116 3101 1358 3186 participati-57

181 3209 251 3274 onis
284 3210 445 3274 cuiusdam
478 3209 631 3275 uocabulo
669 3208 759 3290 quasi
791 3209 840 3273 dei
877 3208 915 3272 ad
951 3208 1108 3274 hominem
1145 3207 1304 3274 Christum

182 3315 281 3380 factae
310 3307 423 3380 diuinis
453 3316 596 3382 Christus
624 3315 781 3379 asseritur
800 3315 944 3398 operibus
973 3313 1126 3379 decorari:
1150 3333 1204 3396 per
1227 3334 1304 3397 quae

137 3454 163 3495 ω
181 3441 290 3486 rursus
318 3423 452 3486 drialitas
479 3421 637 3485 inducitur
658 3439 869 3503 personarum.
893 3420 921 3485 si
943 3421 1014 3501 quis
1036 3419 1135 3504 igitur
1155 3420 1200 3484 ita
1222 3421 1304 3502 sapit

267 3680 284 3732 3
303 3696 359 3748 sqq.
375 3678 406 3733 oi.
425 3679 522 3732 Psalm.
542 3679 566 3741 8,
586 3681 601 3733 6
621 3695 679 3747 sqq.
723 3679 755 3732 17
775 3676 838 3747 Cap.
854 3677 895 3731 <lx
913 3703 946 3723 =
967 3677 1025 3733 Act.
1045 3678 1107 3748 Syn.
1123 3678 1303 3747 9(‘Eiusctem

184 3768 317 3823 Theodori
326 3784 358 3821 ex
367 3768 443 3821 tertio
454 3768 523 3821 libro
534 3773 629 3821 contro
637 3767 749 3835 impium
762 3765 981 3834 Apollinarium*
989 3767 1023 3830 0>
1059 3767 1093 3821 20
1104 3769 1136 3820 cf.
1147 3766 1205 3820 Act.
1218 3768 1258 3831 17,
1269 3768 1300 3822 31

216 3891 442 3944 6snbiectionem
465 3887 548 3943 0¹0².-
567 3890 758 3943 sublectionem
784 3887 813 3953 V,
832 3888 1032 3942 subuectionern
1055 3887 1089 3942 0³
1142 3888 1302 3942 isuhiecti-

181 3996 259 4032 onem
279 3978 513 4033 0¹:'subieotione
535 3976 576 4039 0²,
601 3977 793 4031 sublectionem
818 3976 849 4038 V,
869 3976 1069 4031 subnectionem
1091 3976 1137 4043 0³;
1155 3976 1301 4038 subleuati-

180 4085 258 4121 onem
275 4067 537 4135 utroquelocoBar.
574 4067 788 4136 8suprasoripto
803 4066 873 4120 Bar.
911 4066 944 4119 20
962 4063 1111 4118 unitatet'
1144 4064 1177 4118 22
1192 4079 1250 4116 eum
1269 4063 1303 4116 G:

180 4155 281 4211 onus
308 4157 366 4208 ,24
385 4154 588 4209 adorationeV
640 4156 673 4210 25
689 4146 742 4209 scit
759 4154 821 4208 VO:
838 4153 982 4222 fortfecit
1034 4153 1068 4206 26
1087 4150 1252 4222 perduxitO
