2904 4672
555 235 641 306 apae.
659 230 797 292 aarum
815 234 963 291 rar-rer.
1008 232 1012 237 ·
1230 188 1312 302 ‘aot

230 432 266 496 In
290 449 384 514 supra
407 429 522 514 scripto
546 430 704 495 trioesimo
728 430 865 512 capitulo
882 428 1019 513 pessimo
1049 430 1200 513 exemplo
1216 434 1315 514 temp·
1340 426 1404 490 125

185 540 272 603 tatur
298 536 432 614 ostendi,
450 535 617 618 ,quomodo
644 556 707 601 una
733 554 865 618 persona
892 530 1009 602 Christi
1034 535 1138 623 possit
1159 536 1314 620 intellegi:

184 643 300 719 idest,
324 642 408 708 sieut
431 643 469 707 de
491 642 560 708 uiro
583 645 616 708 et
636 641 767 707 muliere
791 641 1048 708 conuenientibus
1071 641 1197 727 legitur,
1221 643 1267 708 sio
1285 646 1317 707 et

184 750 218 814 in
247 747 372 815 Christo
404 741 548 813 diseretis
578 747 699 813 naturis
731 748 821 832 quasi
851 764 946 812 unam
978 765 1048 812 esse
1080 767 1252 830 personam,
1285 750 1318 812 et

151 854 332 937 esequitur
366 854 536 936 perfectam
575 871 643 918 esse
680 855 822 917 naturam
858 853 909 918 dei
948 852 1036 917 nerbi
1077 856 1109 918 et
1147 852 1317 936 perfectam

185 978 353 1044 personam
371 962 403 1025 et
420 952 590 1050 perfectam
608 958 744 1024 hominis
762 961 905 1024 naturam
929 962 1023 1042 atque
1045 967 1210 1041 personam
1233 959 1318 1025 simi·
1360 975 1362 979 ’

185 1067 269 1132 liter.
293 1066 376 1130 unde
399 1068 537 1147 apparet,
561 1065 634 1147 quia
657 1068 689 1131 et
711 1065 748 1130 de
773 1065 913 1148 exemplo
937 1064 999 1130 uiri
1022 1083 1058 1130 ae
1089 1064 1239 1144 mulieris,
1262 1064 1319 1131 ubi

187 1171 268 1236 duae
290 1189 443 1254 personae
464 1175 547 1260 sunt,
571 1173 603 1236 et
625 1170 662 1236 de
681 1171 742 1249 his,
762 1190 841 1255 quae
865 1173 1023 1248 seeuntnr,
1047 1172 1174 1236 temetsi
1196 1173 1319 1236 taeetur

186 1295 346 1356 numerus,
381 1275 460 1341 dnae
495 1279 606 1355 tamen
637 1276 827 1342 inducuntur
867 1277 960 1345 nnius
1002 1275 1119 1341 Christi
1157 1295 1318 1360 personae.
1376 1266 1378 1270 ⁸

141 1386 168 1426 ¹⁰
187 1382 273 1467 quod
299 1381 354 1466 qrri
380 1381 433 1473 ita
453 1383 536 1467 sapit
563 1383 655 1448 doeet
682 1383 780 1448 eredit
807 1386 860 1448 aut
887 1383 1057 1466 praedicat,
1080 1384 1245 1455 anathema
1266 1382 1318 1447 sit.

615 1579 776 1654 coruram
796 1579 898 1642 rxxr.
1344 1575 1406 1641 126

234 1703 290 1762 Sed
304 1702 447 1761 Christum
464 1701 577 1776 qnidem
593 1701 749 1788 seeundum
764 1717 878 1760 earnem
896 1701 1077 1774 adsumptam
1095 1700 1172 1771 serni
1188 1700 1318 1775 formam,

189 1809 254 1853 enm
282 1793 386 1864 antem,
411 1789 460 1864 qui
482 1807 544 1850 eam
568 1788 736 1864 adsumpsit,
760 1806 846 1863 super
868 1789 963 1869 omnia
985 1789 1135 1849 nominans
1158 1791 1252 1864 deum,
1275 1791 1319 1849 in·

188 1878 256 1959 tulit
280 1880 378 1937 tamen
403 1879 459 1937 hoo
485 1877 641 1940 seeundum
669 1877 906 1950 coniunctionem,
938 1872 971 1937 nt
1000 1896 1053 1952 por
1082 1878 1320 1953 significationem

144 1985 172 2026 ra
187 1968 337 2030 nominum
368 1970 535 2026 naturarum
566 1966 748 2026 manifestam
780 1966 949 2027 diuisionem
979 1966 1077 2027 faeiat.
1113 1984 1196 2028 nemo
1232 1967 1321 2042 igitur

188 2073 284 2139 nequo
307 2074 381 2127 enm,
405 2054 454 2132 qni
476 2057 632 2117 seeundum
655 2072 770 2114 earnem
795 2072 828 2114 ex
849 2055 964 2114 Indaeis
988 2059 1040 2127 est,
1065 2055 1143 2115 dieat
1165 2059 1248 2116 deum
1266 2073 1320 2116 nee

188 2145 293 2205 iterum
320 2146 413 2214 deum,
443 2144 492 2219 qni
520 2148 673 2218 estsuper
695 2144 799 2214 omnia,
821 2146 979 2203 seeundum
1002 2162 1116 2204 earnem
1140 2163 1174 2204 ex
1194 2146 1319 2205 Iudaeis.

234 2264 269 2327 In
298 2279 400 2346 supra
420 2263 535 2345 soripto
562 2263 720 2328 tricesimo
752 2263 851 2346 primo
884 2263 1021 2347 capitulo
1053 2263 1084 2327 in
1117 2263 1319 2347 expositione,
1345 2265 1407 2331 127

190 2388 270 2452 quae
302 2368 339 2434 de
371 2369 514 2453 symbolo
545 2370 755 2435 trecentorum
786 2368 892 2434 deoem
926 2373 958 2435 et
990 2372 1060 2435 ooto
1086 2372 1212 2452 patmm
1238 2369 1321 2435 faeta

145 2495 172 2539 ao
190 2475 325 2554 uidetur,
347 2477 408 2542 non
431 2473 536 2542 solum
554 2474 670 2540 diuisio
685 2477 867 2539 naturarum
885 2475 1036 2541 asseritur
1054 2474 1108 2540 aed
1128 2476 1321 2541 etabsolute

161 2622 163 2626 v
190 2581 320 2647 dicendo
334 2600 435 2664 neque
450 2600 532 2659 eum,
546 2581 599 2663 qui
613 2580 783 2645 seeundum
798 2599 920 2655 earnem
938 2600 974 2646 er
990 2580 1115 2646 Indaeis
1132 2584 1213 2659 (est,
1228 2581 1321 2646 deum

191 2705 247 2752 neo
260 2687 375 2752 iterum
393 2686 496 2764 deum,
517 2687 570 2770 qni
585 2689 741 2769 estsuper
755 2687 868 2763 omnia,
883 2687 1048 2752 dioendnm
1064 2706 1133 2753 esse
1148 2687 1320 2752 seeundum

191 2811 315 2857 earnem
332 2795 366 2858 er
380 2793 531 2870 Iudaeis>
546 2792 648 2858 nudus
663 2793 778 2859 deitate
791 2793 885 2858 homo
899 2796 930 2858 et
943 2812 1041 2876 purus
1057 2794 1123 2858 sine
1140 2812 1230 2858 earne
1244 2793 1320 2859 deus

192 2899 283 2983 qnasi
297 2918 438 2965 seorsum
462 2902 494 2963 et
512 2919 652 2965 seorsum
672 2899 750 2964 duae
768 2900 1008 2980 pronuntiantur
1027 2918 1095 2964 esse
1113 2918 1274 2983 personae.
1293 2899 1321 2964 si

145 3027 173 3069 rs
191 3005 263 3087 quis
278 3023 351 3090 ergo
370 3006 447 3070 haee
464 3006 510 3072 ita
527 3006 611 3087 sapit
628 3004 719 3074 docet
737 3004 836 3070 eredit
853 3007 908 3071 ant
925 3006 1084 3088 praedicat
1097 3009 1132 3070 et
1143 3025 1203 3071 non
1224 3005 1269 3070 sie
1287 3005 1320 3069 in

192 3129 254 3174 uno
283 3110 407 3177 Christo
435 3111 539 3176 unitas
568 3109 733 3176 confitetur
760 3129 829 3175 esse
856 3114 993 3190 naturas,
1021 3114 1058 3176 nt
1078 3129 1229 3194 personae
1252 3110 1320 3176 sine

192 3216 415 3281 subsistentiae
439 3205 640 3302 singularitas
663 3219 861 3301 agnoscatur,
885 3218 1047 3282 anathema
1070 3218 1121 3282 sit.

282 3440 313 3493 11
335 3439 399 3511 Cap.
417 3439 504 3494 XXXI
522 3465 556 3486 =
574 3440 634 3495 noe.
654 3441 716 3511 Syn.
736 3441 783 3495 31:
803 3441 942 3496 ‘Eiusdem
961 3441 1010 3513 (se.
1023 3432 1168 3510 Theodori)
1188 3458 1221 3496 ex
1238 3442 1320 3496 irater-

139 3578 142 3583 ,
187 3528 344 3597 pretatione
369 3528 484 3598 symboli
510 3533 687 3583 trecentorum
715 3529 802 3583 decem
829 3534 854 3583 et
880 3534 939 3584 octo
966 3535 1124 3584 sanderum
1148 3530 1269 3600 potrum*
1300 3529 1323 3584 0

229 3652 263 3704 12
275 3657 360 3706 totum
369 3653 520 3721 capitulum
533 3653 637 3708 aenaea
649 3653 780 3724 Pelopiae
795 3653 812 3709 l.
828 3655 920 3709 1443
982 3668 1086 3709 earnem
1105 3656 1134 3708 et
1151 3652 1320 3724 adsumptam

192 3739 293 3795 Suetus
347 3740 567 3795 lamentorum
586 3741 744 3796 diuisionem
763 3740 803 3795 V.-
820 3739 1012 3795 maniieetandi
1030 3739 1160 3796 nisionem
1175 3739 1216 3805 0¹,
1235 3741 1319 3794 mani-

191 3829 288 3884 festam
308 3831 336 3882 et
354 3827 512 3894 diuisionem
534 3827 569 3884 0²
621 3831 654 3886 21
675 3833 716 3884 eet
735 3828 890 3886 deum..ex
912 3828 1027 3885 Iudaeis.
1051 3831 1156 3885 inserui
1173 3829 1320 3884 seeundum

191 3917 280 3986 spedus
298 3917 415 3986 capitati
431 3917 531 3972 uerbm
548 3933 597 3973 om.
622 3918 648 3973 V
