2904 4672
173 275 237 338 434
373 272 472 327 Geissii
490 273 511 326 1.
530 273 602 327 dieto
621 273 749 327 aduersus
766 274 940 344 Pelagisuum
957 275 1088 334 haeresim

172 467 365 532 dubitatione
392 471 522 547 terreno,
552 471 666 550 quanto
695 468 796 553 magis
825 470 1017 536 credendum·
1038 476 1087 537 est
1108 472 1140 536 in
1165 473 1299 556 spiritali

172 583 297 657 corpore
324 574 522 639 ineffabiliter
548 574 709 640 decentius
738 576 814 641 haec
842 597 934 660 posse
958 582 1108 656 constare,
1132 580 1299 662 praecipue

171 699 243 744 cum
266 681 420 746 nihilium
441 682 586 765 genitalis
605 681 701 746 officii
719 682 750 746 in
769 682 824 746 illa
841 689 992 766 perpetue
1010 685 1152 750 claritate
1171 690 1301 770 gestura

173 787 236 850 sint
263 787 318 852 sed
344 787 383 851 ad
406 788 463 852 hoc
486 790 608 852 tautum
634 807 708 852 snae
732 789 848 870 speciei
870 790 1048 872 formaeque
1072 811 1132 856 non
1156 791 1298 869 deerunt,

172 897 208 957 ut
234 912 293 957 non
321 894 426 976 aliqua
452 894 513 957 alia
538 894 637 958 forma
660 913 754 976 quam
777 895 921 974 humana,
947 898 998 962 cui
1020 897 1176 979 promissa
1197 916 1300 962 resur·
1328 921 1343 962 s

171 1001 267 1063 rectio
292 1004 350 1077 est,
373 1001 558 1064 resuscitata
579 1000 736 1065 iudicetur
759 1021 814 1066 nec
832 1003 951 1084 aliquid
970 1002 1022 1079 sit,
1042 1003 1125 1086 quod
1143 1003 1176 1066 in
1198 1005 1300 1068 carnis

170 1097 309 1186 perfecta
339 1107 562 1171 resurrectione
595 1124 655 1169 non
688 1110 820 1184 maneat,
854 1112 887 1172 et
916 1108 1061 1173 uideatur
1089 1109 1150 1173 alia
1177 1109 1299 1191 species

172 1214 333 1290 suscitata,
352 1223 445 1295 quom
463 1214 602 1296 integrae
622 1212 722 1277 carnis
741 1214 893 1278 humanae
911 1214 1091 1279 liniamenta
1110 1213 1299 1298 designant?

173 1339 251 1402 quae
274 1321 406 1402 quisque
429 1340 489 1384 uon
512 1320 584 1383 uult
606 1320 738 1383 fortasse
762 1319 920 1384 moderata
941 1320 1060 1384 ratione
1078 1320 1201 1396 librare,
1222 1321 1300 1385 uelit

172 1427 261 1501 nolit,
288 1429 325 1490 ut
351 1427 469 1491 dictum
497 1429 556 1503 est,
585 1430 639 1489 aut
668 1426 753 1500 (ad)
781 1425 861 1490 iilud
889 1426 1032 1508 superius
1054 1430 1241 1505 reuertetur,
1264 1430 1337 1491 utro

172 1532 267 1614 quod
301 1534 431 1596 oculus
464 1551 532 1598 non
567 1531 666 1595 uidit
697 1550 763 1595 nec
796 1532 896 1596 auris
929 1532 1078 1596 audiuit
1110 1532 1209 1596 etin
1239 1550 1299 1596 cor

172 1639 332 1706 hominis
361 1658 427 1703 non
452 1638 623 1702 ascendit
645 1657 705 1702 nou
730 1637 876 1724 aestimet
897 1636 1166 1719 perscrutandum,
1192 1641 1249 1701 aut
1271 1637 1298 1701 si

171 1745 253 1808 ultre
275 1747 403 1809 conatur
420 1763 590 1826 erumpere,
608 1744 675 1826 ipse
694 1744 800 1808 uideat
818 1762 893 1806 suae
910 1743 1097 1808 temeritatis
1117 1743 1297 1825 abruptum.

120 1847 162 1912 84
172 1868 263 1930 quam
282 1854 387 1914 autem
405 1850 528 1915 condita
542 1854 615 1914 sunt
629 1849 758 1914 honesta
772 1849 926 1913 hnmanae
939 1849 1079 1912 membra
1093 1848 1298 1938 substantiae,

172 1956 265 2020 etiam
287 1976 336 2021 res
359 1958 414 2020 ilia
435 1976 490 2022 nos
515 1955 668 2033 admonet,
692 1955 774 2038 quod
798 1975 869 2020 cum
887 1956 918 2018 in
937 1954 1079 2036 paradiso
1099 1953 1173 2018 nudi
1194 1959 1300 2019 essent
1315 1983 1337 2024 n

171 2062 262 2145 primi
288 2066 441 2146 parentes,
470 2063 547 2126 nihil
574 2062 604 2126 in
633 2061 681 2126 his
706 2063 897 2127 confusionis
920 2062 1095 2137 habuerint,
1119 2061 1204 2124 unde
1227 2063 1301 2144 post

100 2218 103 2223 .
171 2172 335 2251 peccatum
350 2172 381 2233 et
399 2168 664 2250 concupiscentiae
683 2168 771 2232 uirus
789 2168 964 2252 ingressum
984 2186 1148 2250 corporum
1167 2186 1299 2231 suorum
1339 2217 1342 2223 .

171 2273 345 2338 inordinata
365 2274 596 2357 perturbatione
615 2274 737 2337 contusi
756 2277 841 2351 sunt,
860 2276 955 2356 atque
972 2273 1042 2336 ideo
1063 2274 1140 2337 satis
1159 2277 1298 2357 apparet,

172 2379 264 2461 quod,
297 2379 324 2444 si
354 2380 385 2444 in
416 2381 473 2444 ille
503 2381 648 2463 quamuis
680 2380 830 2444 felicitate
861 2378 997 2462 paradisi
1023 2378 1147 2461 positis,
1174 2383 1297 2444 terreno

170 2490 274 2550 tamen
303 2505 427 2568 corpore
452 2487 632 2550 constitutis
657 2486 797 2567 conspici
821 2486 887 2549 sine
911 2484 1093 2549 confusione
1115 2487 1336 2567 potueruntne

171 2592 271 2656 multo
298 2593 399 2675 magis
426 2593 456 2656 in
486 2592 619 2673 spiritali
647 2610 773 2674 corpore
797 2594 891 2672 etque
915 2591 946 2654 in
969 2591 1025 2654 illa
1047 2590 1176 2654 sublimi
1200 2591 1296 2656 beati·

171 2699 288 2771 tudine,
322 2718 399 2780 quae
430 2698 667 2763 similitudinem
705 2699 832 2782 gestura
868 2699 917 2761 est
953 2695 1145 2780 angelorum,
1184 2701 1227 2773 et,
1262 2699 1297 2760 ut

172 2805 289 2871 homini
310 2804 341 2867 in
365 2804 464 2868 carnis
485 2803 711 2868 resurrectione
739 2802 818 2866 nihil
845 2802 937 2879 desit,
964 2802 1085 2885 integer
1111 2801 1298 2868 reformetur

172 2913 212 2987 et,
241 2930 278 2974 ne
306 2909 422 2991 aliquid
449 2909 585 2974 deforme
614 2909 755 2974 conditor
782 2927 903 2972 creasse
930 2907 1084 2985 uideatur,
1109 2908 1137 2972 si
1159 2909 1236 2990 quid
1260 2909 1296 2974 de

171 3015 355 3080 resuscitato
379 3033 505 3097 corpore
529 3014 739 3090 subtrahatur,
762 3013 879 3077 bonum
901 3013 1007 3096 potius
1031 3014 1098 3078 eius
1123 3033 1203 3097 opus
1227 3016 1296 3080 inde
1306 3044 1335 3086 11

173 3122 266 3186 etiem
288 3120 500 3201 conprobetur,
525 3123 561 3184 ut
583 3120 650 3183 eius
674 3118 810 3184 conditio
833 3119 864 3182 in
887 3119 973 3184 illius
998 3138 1121 3201 quoque
1145 3120 1295 3186 claritatis

121 3225 161 3287 85
173 3225 282 3289 decore
294 3229 486 3306 penmanent,
501 3225 562 3288 nisi
575 3225 706 3290 forsitan
724 3224 779 3289 isti
799 3224 892 3289 etiam
911 3224 977 3289 illic
996 3224 1097 3289 adhuc
1117 3225 1296 3291 existiment

171 3334 275 3394 motus
295 3349 455 3411 corporeos
480 3331 623 3407 orituros,
647 3331 712 3408 ubi,
736 3330 908 3412 sicutipse
932 3329 1075 3395 dominus
1098 3332 1153 3409 ait,
1176 3351 1294 3414 neque

172 3436 309 3499 nubent
337 3455 451 3518 neque
484 3438 670 3501 nubentur
701 3435 883 3501 sedeunt
915 3437 1015 3500 sicut
1046 3438 1179 3520 angeli.
1214 3439 1294 3522 quod

261 3678 290 3730 11
312 3676 369 3730 Cor.
389 3677 402 3730 Ι
420 3678 444 3741 2,
464 3678 480 3730 9
533 3677 567 3731 28
585 3677 664 3730 Marc.
686 3678 726 3740 12,
746 3679 779 3731 25

206 3819 327 3888 4specie
351 3818 380 3880 V,
400 3834 499 3871 corno
563 3820 595 3872 10
615 3817 648 3870 ad
667 3818 731 3873 add.
754 3817 816 3873 Gar.
880 3819 912 3872 13
932 3822 1073 3888 apruptum
1096 3819 1124 3872 V
1180 3822 1215 3874 16
1235 3838 1292 3874 con·

171 3904 319 3958 fusionibus
341 3906 372 3966 V,
392 3923 459 3959 corr.
479 3905 506 3958 ο2
594 3907 737 3959 habuerint
760 3923 792 3960 coc
814 3906 964 3959 habuerunt
990 3923 1058 3961 corr.
1082 3908 1121 3968 V:
1145 3909 1294 3963 habuerunt

176 3993 236 4048 Car.
305 3995 336 4046 17
356 3995 475 4063 ingressu
498 3995 528 4054 V,
549 4010 615 4048 corr.
636 3994 662 4045 ο2
728 3997 760 4048 19
779 3996 826 4048 ills
850 3995 880 4055 V,
899 4011 1000 4048 corae
1073 3999 1292 4068 queuis..positi

174 4079 343 4133 ..constituti
366 4086 426 4134 (or.
508 4083 541 4135 20
561 4083 690 4151 conspicis
715 4083 744 4145 V,
764 4099 831 4135 corr.
852 4081 878 4132 ο2
957 4084 1213 4154 21<illo>spiritali
1235 4086 1293 4141 Cer.

172 4169 205 4222 26
224 4169 277 4221 iliis
300 4169 329 4230 V,
348 4185 414 4221 corr.
438 4170 517 4223 Tbiel
569 4172 601 4222 29
621 4171 724 4238 angelis
749 4171 778 4234 V,
798 4187 864 4224 corr.
884 4189 897 4220 o
