2904 4672
536 217 673 286 Epistulae
691 217 724 272 dc
742 219 886 300 schismate
905 219 994 274 Ursini

201 410 367 494 quillitatis
395 412 503 495 legum
531 414 563 475 et
588 412 748 496 religionis
775 413 937 478 inimicum
965 414 1044 479 iuris
1072 414 1225 480 seuemtas
1255 435 1324 500 per·

159 513 360 600 3sequatur‚
391 518 558 582 Maximine
589 519 752 584 karissime
790 539 825 584 ao
861 520 1095 585 iocundissima.
1163 521 1324 587 sinceritas

200 624 298 709 igitur
324 626 382 697 tua
407 625 557 690 iussionis
585 629 708 690 nostrae
736 626 815 692 serie
829 626 943 701 ‚debita
964 625 1164 704 ueneratione
1185 627 1326 709 praelata

202 730 395 814 singularum
413 731 537 795 urbium
558 733 651 813 atque
669 733 844 815 regionum²
857 733 971 815 quibus
988 731 1174 815 temporarie
1191 735 1325 816 praeest,

201 837 351 919 primores
374 839 466 919 atque
494 839 612 903 incolas
634 839 757 921 propria
780 839 945 921 scriptione
968 838 1142 918 conueniat,
1171 835 1326 922 qnatenus
1357 862 1369 900 e

202 942 304 1007 sciant
319 943 366 1007 ita
382 945 553 1008 memorato
572 943 748 1027 egrediendi
770 944 919 1010 terminos
941 945 1009 1009 iuro
1031 944 1241 1028 praescriptos
1264 964 1326 1009 uua

203 1067 275 1112 cum
300 1046 526 1130 inquietudinis
549 1067 624 1113 suae
647 1049 797 1114 errorisue
825 1050 1023 1115 consortibus
1047 1048 1221 1116 Gaudentio
1245 1051 1326 1116 Urso

202 1154 283 1219 Rufo
318 1153 485 1218 Auranona
521 1155 658 1219 Auianio
694 1156 826 1221 Adiecto
861 1157 990 1222 Leontio
1026 1175 1084 1220 nec
1120 1176 1180 1222 uon
1213 1155 1327 1221 Rufino

202 1259 361 1324 licentiam
378 1260 560 1342 praebitam,
575 1264 612 1325 ut
626 1261 663 1326 ab
678 1260 852 1331 interdictis
870 1262 949 1328 locis
967 1261 1126 1327 incessum
1143 1261 1330 1347 intellegant

203 1366 432 1431 abstinendum.
465 1368 510 1431 sio
542 1368 623 1432 enim
655 1368 905 1434 mansuetudinis
941 1371 1064 1433 nostrae
1099 1367 1327 1455 indulgentiam
1348 1387 1374 1426 ro

202 1475 424 1555 temperamus,
452 1493 490 1538 ne
514 1473 675 1550 occasione
697 1474 849 1557 praestita
870 1467 1035 1540 uicinitate
1056 1473 1267 1557 inquietorum
1282 1473 1331 1562 ad

203 1577 340 1660 aliquam
366 1579 495 1643 forsitan
522 1580 776 1645 uociferationem
798 1580 937 1664 religiosi
959 1579 1068 1663 poprdi
1090 1578 1195 1644 studia
1214 1596 1330 1661 prouo-

204 1701 321 1748 cemus.

575 1952 616 1997 urs
640 1952 954 2001 nunrrrrznronraus.
1349 1983 1373 2020 rs

248 2075 423 2120 omrmuus
446 2076 1037 2134 aruerunrrumnusrooo.sou1u1uo
1056 2076 1190 2128 urcnaro.
1240 2055 1330 2121 Ordi-

203 2161 360 2227 uariorum
387 2162 556 2227 sententias
583 2163 724 2228 iudicum
752 2166 806 2227 aut
831 2167 1009 2249 temporum
1044 2163 1135 2228 limes
1171 2165 1227 2227 aut
1258 2180 1329 2226 oon-

203 2267 337 2332 tumacis
355 2268 565 2351 pronuntiatio
584 2272 639 2333 aut
657 2269 798 2334 habitum
817 2289 921 2335 coram
933 2269 1075 2351 partibus
1090 2269 1190 2334 sancit
1203 2286 1330 2332 eramen

204 2376 237 2437 et
262 2373 339 2439 haec
367 2373 532 2440 mediocris
560 2375 728 2441 auotoritas
755 2375 936 2441 labefactari
959 2379 1052 2459 atque
1076 2373 1210 2440 conuelli
1232 2392 1331 2438 neca

202 2481 430 2562 potentioribus
445 2500 502 2546 nec
521 2481 558 2546 ab
573 2481 807 2564 impudentibus
821 2483 1028 2565 pertimescit:
1047 2484 1153 2546 nostra
1165 2480 1332 2561 praecepta
1351 2504 1379 2541 ao

203 2604 259 2669 per
280 2588 417 2651 uestram
440 2588 670 2672 neglegentiam
694 2587 847 2651 destituta
869 2603 947 2670 quae
969 2587 1095 2652 tandem
1118 2584 1234 2669 poterit
1250 2584 1332 2648 ferre

205 2690 374 2773 patientia?
403 2712 497 2774 quam
525 2693 658 2776 quidem
680 2693 755 2758 dum
783 2692 944 2776 despicitis
972 2693 1126 2768 excitatis,
1155 2701 1193 2756 ut
1216 2677 1337 2776 longae

243 2880 257 2933 1
277 2886 454 2951 prosequatur
476 2880 508 2946 V,
526 2897 593 2936 corr.
611 2881 680 2936 Bar.
736 2882 752 2935 3
771 2881 884 2948 probata
900 2881 970 2943 Bar.

240 2969 290 3026 lu.
341 2970 423 3025 Data
444 2971 554 3025 uidetur·
575 2971 646 3025 e‘rrter
668 2971 738 3026 diem
762 2973 781 3024 9
804 2971 874 3040 Aug.
901 2974 960 3024 378
982 2974 1007 3025 et
1031 2968 1157 3024 diem19
1178 2968 1243 3022 Iarr.
1264 2970 1325 3021 379

197 3059 258 3124 Ed.
277 3059 347 3113 Ber.
367 3060 406 3114 ad
420 3076 446 3114 a.
467 3062 529 3127 381,
543 3064 566 3127 1,
585 3076 662 3128 quem
678 3061 763 3114 secreti
779 3058 845 3114 serat
862 3058 995 3128 Sirmorrd‘
1008 3058 1133 3129 Append.
1146 3055 1215 3112 'eoa
1230 3049 1334 3132 Themi]

201 3166 231 3216 p.-
262 3152 316 3218 905
345 3149 478 3203 Oouatarrt
495 3149 517 3201 I
534 3152 607 3215 530;
635 3149 742 3203 Ooilcct.
774 3147 1016 3216 Oorrcil,;Haerrel
1037 3146 1332 3215 Oorp.11ep.p.226.

204 3238 366 3292 Petitr'orrem
394 3232 505 3290 concilii
527 3235 649 3291 Romani
676 3239 721 3302 (=
748 3236 826 3290 Corra.
850 3236 953 3304 Rom),
976 3251 1032 3304 qua
1054 3240 1086 3288 set
1111 3235 1178 3289 leaeo
1199 3233 1334 3302 Aqrer'lr‘rro

205 3327 378 3381 rescriberent
394 3326 569 3395 imperatores
587 3324 701 3378 adducti
717 3331 790 3391 auat,
804 3341 836 3379 ere
850 3324 938 3379 codice
953 3323 1045 3392 aliquo
1058 3323 1233 3378 bririr'orlrecce
1243 3322 1335 3391 regiae

205 3416 223 3471 e'.
243 3430 264 3467 e.
282 3410 432 3469 Parisinus
454 3413 540 3469 edidit
563 3413 692 3468 Sironoad
709 3414 833 3483 Appead.
856 3413 920 3467 God.
944 3412 1044 3468 Theoti.
1062 3428 1092 3481 p.
1114 3415 1153 3466 78
1170 3409 1335 3480 (adsensi

207 3506 264 3560 ΙΠ
286 3507 365 3570 624).
455 3505 487 3557 16
513 3504 613 3558 uicario
639 3503 839 3557 ordinariorum.
868 3502 1021 3556 Sententiae
1048 3501 1127 3566 Bar„
1153 3491 1226 3555 cora
1249 3497 1332 3553 Sirra.

207 3595 239 3649 17
265 3593 414 3648 sententias
440 3592 602 3660 (sententiae
624 3591 716 3659 Sirra.)
740 3591 857 3645 iudicum
886 3592 934 3644 aut
956 3604 1023 3658 quae
1045 3587 1114 3644 Bar.
1176 3612 1179 3616 ·
1238 3591 1332 3640 contu·
1399 3647 1406 3656 ι

207 3682 308 3736 masiae
327 3670 409 3736 Sirmss
481 3679 514 3735 18
531 3680 653 3750 patribus
671 3679 739 3735 Bar.
759 3681 839 3745 (corr.
861 3679 956 3734 Gaura
969 3679 1001 3732 r'rr
1018 3679 1116 3746 marg.)
1200 3673 1334 3728 saucit.V

206 3769 254 3825 sed
279 3771 351 3830 nur
373 3769 483 3824 uidetur
506 3785 539 3823 es
561 3786 577 3821 x
601 3784 683 3823 cor-r„-
708 3767 795 3821 sanrit
816 3767 886 3821 Bar.
959 3783 1068 3821 examen
1094 3781 1143 3819 nac
1165 3780 1182 3817 a
1205 3761 1333 3816 mediocri

209 3862 369 3913 auotomtate
385 3857 455 3913 Bur.
544 3856 579 3912 20
594 3857 789 3926 pertimescunt
805 3856 875 3911 Bar.
964 3857 997 3910 21
1017 3854 1080 3910 ferri
1102 3851 1237 3908 sententia
1253 3851 1332 3915 Bar„

208 3947 312 4002 firmare
325 3946 462 4000 sententia
473 3946 553 4003 Sirm.
643 3947 677 4000 22
691 3946 778 4004 <non>
793 3945 915 4013 excitatis
932 3944 1001 4001 Bar.
1090 3942 1172 4012 longa
1189 3940 1332 3995 tolerantia

208 4034 362 4106 desperatos
374 4036 463 4087 sumat
476 4035 599 4087 accentus
616 4033 717 4103 Meyer,
736 4034 833 4103 longae
851 4031 1010 4086 tolerantiae
1028 4031 1056 4083 in
1070 4029 1226 4099 desperatos
1242 4030 1332 4082 sumat

209 4121 331 4176 effectum
349 4121 419 4176 Bar.
