2904 4672
604 269 690 340 Epist.
708 268 806 323 XCVII
823 270 935 325 53-57.
1266 274 1329 337 423

209 464 336 548 coniugi
366 464 522 547 peccatori
553 463 724 528 remedium
757 483 895 528 summae
932 463 1104 530 diuinitatis
1142 465 1327 547 exposcitur,

209 589 303 652 quam
333 569 388 633 ubi
420 591 437 635 a
468 569 653 653 coniugibus
685 569 825 651 utrisque
856 572 1022 652 peccatur?
1054 589 1126 634 nam
1158 570 1327 634 secundum
1339 570 1380 634 55

210 675 362 760 quendam
388 675 515 739 modum
541 662 620 738 hano
644 674 919 740 sanctificationem
942 674 1140 757 perfidelem
1165 676 1327 758 coniugem

210 781 303 844 otiam
338 779 455 846 infideli
491 781 615 864 coniugi
650 781 810 864 peruenire
842 781 917 844 haec
949 781 1018 862 ipse
1048 781 1144 844 uerba
1174 784 1330 845 testantur

177 887 353 970 aspostoli,
386 888 540 970 siquidem
568 907 627 952 non
654 887 716 951 iam
740 887 944 960 <in>fidelem
968 887 1132 971 coniugem
1154 886 1328 970 legitimam

208 993 483 1058 sanctificationem
498 993 670 1076 sumpsisse
687 994 855 1071 confirmat,
872 993 945 1075 quia
957 993 1145 1076 perfidelem
1164 994 1328 1078 coniugem

208 1099 364 1182 quippiam
390 1100 641 1165 sanctificationis
665 1100 821 1182 adquirat3
846 1100 989 1182 denique,
1012 1119 1074 1182 qua
1092 1100 1134 1163 sit
1151 1100 1327 1164 conditione

208 1206 390 1283 censendus,
414 1209 541 1270 secutus
569 1206 723 1271 adiunxit:
752 1225 830 1269 nam
859 1205 890 1269 si
916 1205 1083 1270 infidelis
1117 1205 1324 1280 (discedit)

135 1318 137 1323 ’
208 1311 392 1390 discedat,
417 1332 476 1376 non
498 1312 561 1376 iam
584 1313 654 1377 inde
677 1316 836 1394 tamquam
859 1312 983 1376 fidelem
1007 1312 1125 1394 suscipi
1150 1313 1326 1396 designans,

164 1445 188 1484 ιο
208 1418 280 1499 quia
305 1437 361 1500 per
388 1419 473 1498 haec,
504 1437 582 1501 quae
609 1419 692 1483 dicta
720 1422 847 1494 <sunt>,
876 1419 993 1500 aliquid
1016 1418 1055 1482 ad
1078 1439 1149 1483 eum
1172 1420 1325 1502 peruenit,

206 1523 312 1588 fidelis
337 1525 477 1608 coniugis
506 1526 573 1589 sine
602 1525 792 1589 consortium
820 1527 874 1589 seu
897 1543 1031 1606 precem,
1059 1525 1181 1589 diuinae
1213 1525 1326 1590 saneti·

205 1629 358 1694 dicationis
387 1633 418 1694 et
446 1631 576 1714 gratiae3
606 1630 660 1694 sed
683 1630 743 1694 nisi
764 1631 832 1712 ipse
856 1649 978 1712 quoque
1000 1631 1101 1695 fidelis
1125 1628 1247 1709 existat,
1270 1652 1324 1715 pro

205 1735 322 1799 infideli
350 1737 392 1800 sit
417 1738 527 1818 procul
554 1737 646 1801 dubio
674 1737 868 1801 iudicandus.
935 1739 984 1802 est
1009 1737 1104 1801 etiam
1130 1737 1184 1801 ille
1213 1738 1325 1803 modus
1336 1737 1376 1799 56

204 1841 321 1904 infideli
345 1842 470 1925 coniugi
493 1843 745 1908 sanctificationis
768 1843 988 1926 impertiendae
1007 1862 1062 1925 per
1080 1843 1243 1926 coniugem
1262 1843 1325 1907 iam

160 1975 186 2015 15
203 1946 339 2024 fidelem,
379 1948 406 2012 si
442 1933 518 2011 ¹huie
560 1948 801 2012 exhortationem
842 1947 1052 2012 conuersionis
1089 1947 1128 2010 ad
1163 1946 1255 2014 deum
1294 1952 1325 2013 et

204 2053 419 2118 credulitatem
438 2073 577 2118 summae
597 2053 768 2117 diuinitatis
787 2053 931 2131 insinuet,
952 2054 1147 2118 maiestatem
1161 2055 1323 2118 uirtutem-

204 2177 263 2240 que
281 2159 347 2223 eius
366 2159 502 2224 inculcet
521 2163 551 2224 et
567 2179 622 2241 per
640 2159 785 2224 affectum
805 2159 941 2244 coniugii
956 2180 1026 2224 eum
1041 2161 1164 2225 facilius
1178 2161 1324 2225 informet

203 2267 235 2326 et
256 2265 385 2330 inclinet
407 2267 446 2329 ad
468 2266 570 2344 fidem,
594 2267 767 2344 adstruens,
793 2287 868 2350 queo
893 2268 934 2331 sit
957 2286 1036 2350 spes·
1050 2268 1079 2330 in
1104 2287 1201 2331 unum
1228 2267 1322 2332 doum

203 2370 398 2435 credentibus
422 2373 475 2436 uel
492 2373 527 2443 ,in
550 2372 643 2436 huius
667 2373 751 2436 uitae
774 2392 877 2451 cursu,
901 2375 954 2438 uel
975 2377 1056 2457 post,
1070 2374 1137 2438 eius
1155 2373 1322 2438 transitum

155 2507 184 2546 ao
203 2495 280 2557 quae
298 2477 421 2559 requies
440 2478 483 2542 sit
500 2479 613 2544 futura.
633 2479 709 2543 haec
728 2498 799 2543 cum
817 2499 872 2562 per
888 2479 1035 2544 fiduciam
1054 2480 1190 2563 coniugii
1206 2479 1320 2543 sanctis

201 2581 305 2644 uerbis
329 2602 381 2647 cor
400 2583 467 2648 eius
486 2584 616 2647 adsidua
634 2604 711 2649 uoce
729 2585 881 2667 pulsando
901 2585 1010 2649 coniux
1027 2585 1128 2649 fidelis
1146 2585 1322 2667 frequenter

199 2682 346 2765 insinuat,
366 2689 490 2754 diuinae
509 2690 760 2754 sanctificationis
781 2691 891 2767 eidem,
907 2693 939 2754 et
951 2692 1049 2755 menti
1063 2692 1130 2754 eius
1145 2693 1176 2754 et
1190 2692 1319 2772 corpori,

199 2795 343 2877 propinat
359 2795 513 2870 effectum,
528 2796 610 2859 siout
624 2796 668 2859 ait
685 2796 794 2860 beatus
813 2797 926 2860 Petrus
946 2797 1123 2879 apostolus:
1143 2797 1321 2861 similiter

200 2902 376 2965 mulieres
405 2901 578 2966 subditae
607 2901 682 2965 sint
708 2903 816 2980 uiris,
846 2907 899 2980 ut,
929 2903 959 2966 si
988 2903 1049 2984 qui
1072 2922 1140 2966 non
1165 2903 1320 2967 credunt

153 3006 327 3085 asuerbo,
373 3026 436 3089 per
480 3008 676 3073 mulierum
722 3009 1042 3072 conuersationem
1088 3008 1166 3072 sine
1207 3009 1318 3073 uerbo

199 3113 399 3178 lucrifiant
422 3114 702 3178 considerantes
725 3113 760 3177 in
783 3114 915 3178 timore
935 3116 1073 3177 castam
1093 3114 1318 3178 conuersati-

199 3237 301 3282 onem
329 3222 500 3285 uestram.
529 3239 620 3302 qnam
650 3219 677 3281 si
699 3239 753 3302 per
775 3219 1016 3283 familiaritatem
1040 3220 1191 3302 suscipiat
1213 3219 1318 3284 coniu·
1329 3220 1369 3283 57

283 3530 300 3583 8
320 3528 378 3583 Cor.
397 3529 411 3582 I
431 3531 454 3594 7,
476 3532 506 3585 15
560 3531 593 3583 ‘23
612 3531 682 3583 Petr.
701 3530 757 3593 13,
779 3530 790 3581 1
812 3546 850 3598 sq.

232 3724 244 3775 1
272 3722 382 3790 coniuge
404 3725 542 3790 peccatore
564 3721 594 3786 V,
619 3738 686 3778 corr.
707 3720 733 3789 pl
802 3723 819 3775 4
845 3722 962 3790 coniugii
987 3721 1017 3786 V,
1037 3735 1104 3776 corr.
1124 3723 1186 3778 Car.
1257 3739 1316 3792 per-

196 3810 285 3863 uenire
313 3809 388 3863 Coa:
414 3810 523 3878 puenire
551 3811 581 3875 V,
605 3812 743 3880 prouenire
767 3809 793 3879 p²
862 3812 877 3864 5
900 3810 1034 3864 infidelem
1061 3809 1138 3864 Uarr
1161 3809 1267 3864 fidelem
1294 3809 1319 3863 V

194 3898 615 3953 8discedite'oaeruisecondum
629 3899 775 3968 Vulpoiam
817 3899 849 3953 10
864 3899 1003 3953 suntodd.
1022 3899 1084 3953 Car.
1132 3901 1162 3953 11
1178 3899 1263 3952 fidelis
1278 3896 1316 3968 9²:

194 3985 318 4041 fidelibus
337 3986 363 4039 V
411 3989 501 4041 cerole
513 3988 598 4041 fidelis
617 3988 738 4056 coniugis
753 4030 758 4040 .
775 4004 898 4057 ‚precem
918 3988 1078 4042 adcuratius
1096 3988 1266 4056 explicantur
1284 4003 1317 4040 ea

194 4090 264 4142 quoe
277 4075 445 4142 praecedunt
463 4091 531 4142 quae
550 4075 620 4128 dicta
639 4073 731 4128 (sunt)
769 4076 800 4129 15
820 4075 1054 4129 exortationemV
1100 4078 1134 4130 21)
1152 4076 1316 4133 conuersati-

195 4180 245 4216 one
269 4163 300 4226 V,
319 4179 386 4218 corr.
406 4182 419 4214 o
