2904 4672
175 282 239 344 388
468 277 590 330 Gelasins
609 277 629 329 l.
649 276 683 330 ad
702 278 840 346 episcopos
858 277 1009 331 Dardaniae

174 473 235 536 iarn
264 473 420 536 detectum
450 476 542 551 atque
567 471 746 534 damnatum
770 472 886 553 absque
911 473 994 536 sedis
1018 475 1211 554 apostolicae
1234 494 1301 538 corr·

175 578 342 642 saltatione
374 577 535 658 reciperet.
568 578 673 657 aliqua
704 577 820 658 synodo
853 578 966 640 saltem
998 578 1063 641 illic
1100 579 1209 643 habita
1244 581 1301 643 hoo

175 683 320 748 audacter
351 683 502 765 arripuit?
534 686 571 745 ut
603 682 822 747 calendionem
859 683 896 745 de
931 683 1098 748 Antiochia
1132 685 1303 768 depelleret

173 789 425 870 haereticumque
448 789 585 864 Petrum,
611 808 703 870 quem
722 788 789 869 ipse
809 808 932 870 quoque
952 789 1165 866 damnauerat,
1185 793 1301 874 absque

174 895 286 958 notitia
312 895 396 958 sedis
423 895 613 976 apostolicae
640 914 749 958 rursus
777 894 964 970 admitteret,
993 896 1098 976 aliqua
1126 897 1244 978 synodo
1270 896 1302 960 id
1329 923 1341 962 s

123 997 287 1064 {adfecisse
318 1002 532 1064 monstratur?
566 1001 592 1064 si
625 1004 708 1063 certe
742 1001 779 1063 de
812 1001 965 1082 dignitate
993 1003 1097 1084 agitur
1125 1003 1301 1067 ciuitatum.

173 1107 327 1171 secundae
351 1107 433 1170 sedis
458 1111 490 1169 et
512 1106 621 1170 tertiae
642 1108 742 1170 maior
766 1110 815 1170 est
838 1107 972 1190 dignitas
993 1108 1191 1172 sacerdotum
1211 1129 1301 1191 quarn

173 1214 242 1276 eius
265 1213 413 1286 ciuitatis,
438 1232 516 1292 quae
545 1231 604 1275 uon
629 1213 731 1275 solum
755 1212 835 1275 inter
858 1213 947 1276 sedes
972 1214 1099 1276 rninime
1123 1217 1303 1278 numeratur·

171 1318 229 1381 sed
260 1335 316 1381 nec
351 1318 431 1380 iuter
467 1318 775 1399 metropolitanorum
812 1317 878 1381 iura
917 1323 1071 1382 censetur.
1109 1338 1180 1382 nam
1220 1320 1300 1401 quod

174 1423 277 1487 dicitis
300 1423 413 1506 ‘regiae
437 1424 595 1500 ciuitatis,
620 1424 681 1487 alia
703 1428 843 1504 potestas
867 1427 916 1487 est
938 1425 1023 1506 regni
1041 1425 1222 1502 saecularia,
1243 1427 1301 1489 alia
1320 1451 1340 1488 ro

174 1530 455 1592 ecclesiasticarum
484 1529 663 1592 distributio
696 1529 893 1611 dignitatum.
927 1529 1010 1592 sicut
1043 1531 1123 1593 enirn
1158 1532 1301 1612 quamuis

172 1655 269 1718 parua
296 1635 408 1698 ciuitas
437 1635 686 1717 praerogatiuam
714 1636 886 1716 praesentis
915 1636 1000 1717 regni
1025 1655 1085 1698 non
1109 1638 1234 1713 minuit,
1258 1639 1302 1701 sic

172 1741 343 1823 imperialis
371 1741 546 1822 praesentia
574 1759 750 1802 mensuram
779 1740 1019 1821 dispensationis
1047 1742 1216 1826 religiosae
1243 1764 1301 1807 uon

174 1851 283 1910 mutat.
313 1847 355 1910 sit
378 1847 460 1909 clara
484 1846 557 1908 urbs
582 1846 637 1909 illa
659 1848 815 1926 potestate
839 1847 1010 1927 praesentis
1034 1847 1168 1931 imperii,
1192 1850 1301 1933 religio

170 1953 230 2016 sub
255 1951 360 2016 eadem
385 1955 459 2014 tunc
482 1951 580 2026 firma,
604 1954 679 2014 tuuc
702 1952 808 2015 libera.
833 1954 907 2014 tuuc
930 1956 1079 2032 prouecta
1102 1955 1256 2031 consistit,
1276 1956 1302 2018 si
1318 1979 1339 2022 u

171 2059 277 2140 potius
305 2059 364 2121 hoc
392 2061 553 2139 praesente
582 2057 736 2138 propriam
765 2061 870 2120 teneat
893 2057 959 2121 sine
983 2059 1048 2121 ulla
1071 2061 1300 2141 perturbatione

119 2164 358 2229 tibmensuram.
386 2166 543 2245 postremo
573 2163 600 2226 si
624 2163 685 2226 sibi
708 2163 744 2225 de
768 2163 963 2245 imperatoris
986 2166 1161 2245 praesentia
1184 2165 1301 2229 blandi-

172 2271 266 2332 untur
292 2273 325 2333 et
350 2269 421 2332 inde
453 2271 566 2350 putant
598 2267 959 2350 Constantinopolitanae
992 2269 1130 2334 ciuitatis
1162 2273 1300 2353 episcopi

171 2375 323 2456 potiorem
351 2374 416 2438 fieri
444 2393 537 2455 posse
568 2393 742 2455 personam,
775 2373 903 2437 audiant
934 2375 1127 2438 Marcianum
1160 2376 1300 2440 eiusdem

171 2481 341 2561 principem
373 2480 523 2546 ciuitatis.
555 2483 758 2560 posteaquam
789 2499 844 2561 pro
877 2485 1045 2563 augmento
1076 2483 1164 2545 urbis
1201 2483 1340 2565 ipsiusn

171 2586 340 2650 sacerdotis
367 2586 554 2649 intercessor
581 2584 731 2648 accedeus
760 2588 866 2648 contra
892 2586 1018 2668 regulas
1051 2587 1191 2668 optinere
1224 2589 1301 2652 nibil

170 2691 284 2773 potuit,
322 2695 445 2755 sanctae
478 2690 646 2754 memoriae
677 2710 789 2773 papam
822 2691 957 2754 Leonem
990 2692 1121 2755 summis
1154 2693 1301 2756 laudibus

169 2802 381 2885 prosecutum,
406 2796 488 2879 quod
513 2816 665 2860 canonum
687 2797 813 2880 regulas
836 2797 948 2860 uiolari
967 2797 1052 2861 nulla
1070 2798 1166 2863 fuerit
1184 2800 1302 2864 ratione

204 3110 332 3180 asmodi
355 3110 404 3163 V.
449 3109 538 3160 saltim
557 3107 584 3159 Β
638 3107 811 3159 3audaciter
828 3107 855 3159 Β
927 3107 1111 3161 calendionum
1126 3109 1160 3171 Β,
1180 3110 1300 3163 kalendi-

172 3217 248 3253 onem
265 3199 313 3254 ΒΣ
371 3197 489 3251 antiocia
506 3197 533 3248 Β
591 3195 738 3263 depelleret
756 3195 815 3249 BE:
836 3196 948 3264 pelleret
974 3196 1048 3249 VRA
1089 3198 1264 3251 bamitteret
1277 3198 1303 3250 Β

171 3289 188 3341 6
207 3291 276 3340 certe
296 3285 454 3354 dignitatern
472 3285 499 3336 Β
589 3285 603 3335 7
623 3284 749 3336 maiorem
769 3283 887 3351 dignitas
906 3284 933 3336 Β
1016 3285 1032 3338 8
1051 3283 1123 3336 sedis
1141 3286 1257 3338 memiue
1275 3286 1301 3338 Β

172 3379 187 3429 9
205 3376 262 3428 iure
280 3374 307 3426 B
410 3373 443 3426 lo
462 3377 503 3426 est
521 3388 571 3426 om.
590 3372 617 3426 R
717 3373 746 3425 11
767 3372 852 3424 uerba
869 3373 934 3425 inde
953 3388 972 3425 a
990 3373 1059 3425 sicut
1077 3374 1201 3441 quamuis
1219 3391 1302 3442 usque

173 3464 211 3517 ad
228 3463 287 3521 389,
308 3463 340 3516 10
362 3461 521 3514 refutatione
547 3476 673 3512 uacuasse
702 3459 794 3526 adfert
820 3459 981 3522 Facundus,
1007 3460 1063 3514 Pro
1091 3460 1193 3527 deferre.
1222 3463 1302 3515 trium

173 3568 250 3618 capp.
275 3549 461 3617 V4(Mipne
482 3552 527 3610 67,
550 3551 619 3614 649)
692 3547 774 3601 sicli
847 3548 955 3615 quaeuis
974 3547 1040 3602 ΒΑ1
1125 3550 1158 3602 12
1177 3551 1302 3619 prauaB

172 3655 257 3707 praes.
277 3639 353 3707 regni
372 3654 491 3706 praerog.
512 3643 578 3704 tran.
597 3637 651 3690 ΒΑ
693 3637 727 3688 13.
745 3636 870 3704 religiose
889 3638 915 3689 B
953 3638 985 3689 14
1004 3635 1066 3688 urbs
1085 3637 1123 3688 A¹
1142 3637 1301 3700 Facundus,

173 3727 235 3779 urbs
254 3726 297 3778 uel
316 3725 387 3777 urbis
407 3725 438 3776 Σε
458 3729 489 3777 ut
508 3724 569 3776 urbs
590 3723 678 3777 rme
697 3723 751 3789 (uel
770 3722 832 3775 urbs
855 3722 958 3788 Taceo,-
976 3724 999 3775 si
1018 3723 1134 3776 claretur
1151 3725 1195 3778 his
1214 3726 1261 3779 illa
1277 3727 1302 3779 Β

175 3818 207 3868 15
227 3811 318 3865 eadem
342 3811 419 3864 VBR
437 3810 602 3865 Facundus:
626 3811 718 3863 eodem
737 3811 784 3862 ΣΑ
889 3814 952 3882 tunc
976 3811 1024 3862 sub
1050 3810 1143 3865 eadem
1168 3819 1231 3882 trsp.
1257 3815 1302 3870 VR

174 3901 333 3971 profectaB
387 3900 510 3953 consistit
528 3916 561 3952 err
580 3900 701 3953 constitit
719 3915 787 3952 corr.
806 3898 955 3952 Vanam
1008 3901 1031 3952 si
1050 3901 1143 3966 οιΑ-Β
1199 3905 1231 3956 16
1244 3921 1301 3973 pro·

174 3991 232 4059 pria
249 3989 277 4041 B
347 3987 575 4056 perturbationem
593 3989 620 4040 Β
673 3989 707 4041 20
731 4004 777 4055 pro
797 4003 846 4040 om.
865 3987 893 4039 B
964 3992 1107 4056 augmento
1127 4007 1160 4043 aar
1179 3995 1300 4045 aumento

174 4073 241 4130 co'rr.
263 4076 404 4130 Vnzon.2
448 4077 480 4128 21
496 4077 649 4130 intercessio
664 4077 811 4131 Rmcn.2
872 4077 991 4145 regulam
1004 4076 1059 4130 ΒΑ
1105 4079 1140 4132 22
1154 4080 1186 4134 L.
1200 4081 1242 4151 (ς
1253 4081 1300 4134 Le·

179 4169 266 4230 onem)
287 4164 340 4218 ΒΑ
