2904 4672
570 245 658 317 apat.
677 247 814 307 onxxur
835 210 980 304 νου-νυ.
1268 250 1330 315 277

206 440 270 504 tale
297 458 410 504 nomen
437 438 556 505 homiui
586 440 810 523 imponeretur:
844 441 957 524 quibus
989 441 1093 505 uerbis
1125 439 1277 543 absolute:
1300 444 1332 504 at

152 609 154 612 Α
205 562 304 628 purus
317 544 411 612 homo
431 545 573 612 Christus
592 546 768 611 ostenditur
785 549 817 611 ot
834 547 913 611 duae
930 565 1079 629 personae
1096 546 1330 629 intelleguntur.

207 650 291 734 quod
306 652 371 737 ¹‹pui
397 651 443 716 ita
469 652 553 735 sapit
579 652 670 718 docet
696 652 794 717 credit
821 653 876 717 aut
901 651 1069 735 praedicat,
1093 653 1256 718 anathema
1277 652 1329 717 sit.

604 849 764 923 Capitulum
785 849 931 910 XLVIIII.
1200 861 1202 863 ·
1354 835 1416 901 168

172 981 186 1021 ⁵
247 974 349 1048 Itaque
372 989 429 1032 non
453 973 545 1031 solum
566 973 657 1031 filium
678 971 772 1047 ipsum
794 975 880 1031 uocat
902 990 920 1030 a
945 975 997 1033 deo
1016 973 1103 1032 uerbo
1122 989 1259 1046 separans
1277 972 1328 1030 sod

205 1061 291 1119 etiam
318 1061 473 1120 secundum
500 1059 649 1120 filiationis
676 1060 815 1120 rationem
846 1078 1054 1120 connumerans
1082 1060 1183 1120 ceteris
1211 1059 1328 1134 partici-

202 1149 288 1224 pibus
310 1145 457 1215 filiationis
481 1150 667 1219 conuincitur,
692 1148 825 1224 quoniam
848 1149 941 1224 gratia
964 1153 993 1208 at
1013 1149 1075 1223 ipse
1102 1149 1246 1223 particeps
1273 1147 1328 1207 ruit

202 1237 358 1309 filiationis,
376 1254 436 1296 non
458 1238 627 1311 naturaliter
649 1256 683 1297 ex
705 1242 785 1312 patro
808 1241 903 1308 natus,
922 1239 1032 1297 habens
1050 1240 1146 1296 tannen
1163 1238 1200 1295 ad
1218 1239 1327 1296 cataros

204 1327 409 1398 excellentiam,
438 1327 505 1400 quia
530 1325 639 1385 unitate
667 1327 704 1385 ad
718 1327 823 1401 ipsum
850 1325 1017 1385 filiationem
1039 1326 1177 1400 possidat,
1202 1327 1278 1400 quod
1301 1325 1328 1384 ai

158 1422 185 1463 ¹⁰
202 1414 355 1475 firmiorem
376 1414 467 1490 ipsius
489 1416 531 1473 rei
553 1416 641 1474 donat
662 1413 919 1489 participationem.

245 1534 290 1620 ln
310 1553 403 1618 supra
430 1533 545 1617 scripto
574 1534 811 1618 quadragesimo
839 1553 918 1599 nono
947 1534 1084 1618 capitulo
1108 1534 1231 1612 dicitur,
1255 1534 1328 1616 quia
1350 1491 1414 1590 169

202 1636 346 1706 Christus
368 1661 424 1723 per
445 1641 577 1724 gratiam
598 1639 754 1724 particeps
776 1641 872 1705 fuerit
892 1640 1063 1719 filiationis,
1085 1640 1204 1724 habens
1222 1644 1325 1706 tamen

201 1748 240 1812 ad
259 1750 378 1812 cataros
397 1747 621 1824 excellentiam,
641 1746 723 1829 quod
739 1746 767 1811 ai
787 1746 902 1811 firmior
919 1746 1020 1829 ipsius
1039 1746 1083 1810 roi
1105 1746 1264 1825 doua<ta>
1284 1747 1327 1813 sit

199 1853 408 1936 participatio.
437 1853 520 1936 quod
548 1852 601 1934 qui
627 1853 673 1917 ita
700 1852 783 1934 sapit
804 1853 897 1918 docet
918 1852 1018 1918 credit
1039 1856 1094 1917 aut
1115 1853 1273 1937 praedicat
1295 1857 1327 1920 et

156 1980 183 2020 ιο
200 1978 260 2024 non
291 1958 393 2043 magis
425 1958 502 2025 daus
534 1961 666 2024 uerbum
697 1978 769 2024 cum
802 1959 968 2040 adsumpta
999 1979 1087 2024 came
1119 1978 1200 2025 uuus
1232 1963 1325 2042 atque

199 2065 283 2130 idam
307 2065 452 2130 domiuus
474 2066 564 2130 Iesus
588 2065 731 2132 Christus
755 2069 788 2131 et
809 2083 903 2130 uerus
926 2063 1011 2129 filius
1034 2064 1084 2130 dei
1106 2068 1139 2130 ct
1155 2066 1238 2131 idem
1254 2067 1324 2149 ipse

200 2189 294 2240 uerus
325 2171 410 2237 filius
443 2171 577 2237 hominis
609 2171 803 2256 intellegitur
833 2174 867 2236 at
898 2170 1043 2250 creditur,
1075 2173 1239 2238 anathema
1271 2171 1323 2237 eit.

653 2369 814 2445 Capitulum
835 2370 868 2430 L.
1348 2357 1412 2422 170

241 2492 336 2552 Homo
361 2493 443 2551 Iesus
471 2491 603 2551 similiter
630 2493 761 2552 omnibus
787 2493 960 2563 hominibus,
992 2491 1064 2550 nihil
1092 2490 1225 2549 differens
1252 2505 1322 2549 con·

153 2596 183 2636 ao
200 2580 380 2640 naturalibus
402 2579 566 2640 homiuibus
589 2598 674 2657 quam
698 2598 770 2654 quaa
792 2581 848 2655 ipsi
870 2581 964 2655 gratia
987 2580 1080 2650 dedit3
1108 2578 1203 2653 gratia
1228 2579 1323 2636 autam

199 2669 267 2728 data
289 2673 421 2728 naturam
443 2687 502 2728 non
525 2669 648 2728 inmutat
666 2671 717 2728 sed
735 2673 801 2745 post
821 2669 921 2729 mortis
941 2668 1161 2728 destructionem
1178 2665 1324 2725 donauit

199 2757 229 2816 ai
253 2759 335 2816 deus
357 2774 480 2817 nomen
503 2775 606 2832 supra
632 2775 727 2818 omne
749 2776 879 2820 nomen.

240 2875 276 2939 lu
299 2893 394 2957 supra
416 2875 531 2958 scripto
551 2875 808 2960 quinquagesimo
827 2875 965 2958 capitulo
983 2874 1107 2953 dicitur,
1127 2872 1209 2956 quod
1228 2873 1321 2937 homo
1346 2869 1408 2935 171

196 2981 286 3046 Iesus
314 2980 393 3045 nihil
424 2979 547 3046 differat
577 2981 721 3046 omnibus
753 2980 1008 3071 connaturalibus
1039 2978 1229 3058 hominibus,
1260 2978 1322 3042 nisi

283 3137 301 3190 4
320 3134 383 3206 Cap.
398 3128 572 3191 xuv1111=
586 3136 646 3192 dot.
667 3136 728 3206 Syn.
747 3137 794 3191 48:
814 3135 955 3190 ‘Eeuadcm
969 3138 1016 3201 (sc.
1029 3135 1172 3202 Theodori)
1186 3151 1220 3190 ca·
1230 3134 1321 3190 eodem

196 3223 274 3279 lidro'
301 3223 336 3292 0,·
359 3241 452 3294 gracco
475 3227 596 3279 seruauit
618 3224 760 3279 Leontius:
787 3221 864 3278 Ὥστε
882 3223 913 3277 oi
931 3225 1009 3295 μόνον
1028 3221 1081 3277 υἱὸν
1100 3222 1177 3278 αὐτὸν
1196 3221 1322 3277 ἀποκαλεῖ

193 3319 240 3365 τοῦ
258 3311 322 3364 θεοῦ
340 3310 418 3384 λόγου
438 3311 563 3384 ἀφορίσας
582 3311 650 3366 ἀλλὰ
666 3313 711 3365 καὶ
727 3310 871 3365 συντάττων
889 3313 957 3364 κατὰ
974 3313 1017 3366 τὸν
1036 3319 1084 3382 τῆς
1107 3309 1224 3383 οἱότητος
1242 3309 1319 3382 λόγον

193 3405 248 3464 τοῖς
263 3398 371 3463 ,λοιποῖς
398 3405 451 3464 τοῖς
477 3400 650 3473 μετεσχηκόσι
670 3407 718 3471 τῆς
741 3397 858 3471 olon-quo<
881 3398 1021 3472 ἕλε’·ρρεται·
1044 3397 1145 3471 ἐπείπερ
1167 3397 1253 3471 χάριτι
1275 3397 1320 3451 καὶ

195 3483 273 3549 αὐτὸς
300 3488 443 3560 μετέσχηκε
470 3495 518 3558 τῆς
545 3485 672 3560 οἱότητος,
696 3487 725 3541 οὐ
749 3495 863 3559 φυσικῶς
887 3486 916 3540 ἔκ
938 3493 984 3541 τοῦ
1007 3489 1103 3559 πατρὸς
1124 3486 1318 3559 γεγεννημένος,

193 3572 262 3646 {pern
285 3574 372 3646 μέντοι
393 3576 463 3644 παρὰ
484 3577 544 3639 τους
567 3574 670 3638 λοιποὺς
692 3577 740 3647 τὴν
763 3573 901 3648 ὑπεροχὴν,
924 3575 964 3629 ὃτι
984 3580 1016 3645 τῇ
1041 3575 1104 3646 πρὸς
1129 3572 1206 3627 αὐτὸν
1229 3572 1319 3628 tunicae

192 3662 316 3733 κέκτηται
336 3663 384 3733 τὴν
409 3660 522 3734 olon-qao,
542 3659 556 3715 ὃ
575 3663 607 3733 δὴ
625 3664 779 3737 κυριωτέραν
803 3662 872 3736 αὐτῷ
894 3669 938 3716 τοῦ
956 3662 1104 3735 πράγματος
1121 3659 1251 3733 χαρίζεται
1269 3661 1317 3733 τὴν

146 3783 149 3786 «
193 3747 329 3820 pascasiae
353 3750 419 3818 (Sor.
443 3754 497 3806 net.
521 3769 547 3805 n.
570 3768 592 3806 c.
611 3751 727 3815 maon,
746 3752 790 3818 18)
881 3751 914 3806 18
934 3750 997 3822 Cap.
1015 3751 1037 3806 L
1055 3751 1166 3822 :dot
1186 3750 1249 3819 Syn.
1268 3750 1315 3803 49:

192 3836 333 3907 ‘Eiusdem
349 3838 485 3894 Theodori
501 3856 533 3895 οι
551 3840 621 3895 libro
633 3840 796 3914 aemendode
806 3839 1046 3895 incarnatioea’o
1079 3840 1110 3894 21
1130 3838 1246 3909 Philipp.
1258 3839 1315 3902 2,9

229 3955 345 4011 Italam
368 3958 395 4012 V
462 3958 715 4030 9quiaosquiV
786 3957 987 4014 renouatio:
1007 3958 1120 4014 donaV
1181 3960 1217 4016 20
1235 3951 1329 4031 quem

193 4060 245 4115 que
263 4044 301 4098 V.-
319 4062 451 4116 quamque
469 4047 498 4113 O,
518 4064 597 4117 quam
616 4049 687 4119 quod
705 4047 733 4100 ο2
802 4049 917 4119 gratiam
935 4045 1011 4101 dedit
1024 4046 1051 4100 ο1
1062 4049 1132 4104 Bor.
1186 4050 1218 4104 21
1238 4050 1315 4104 inmi·

192 4135 273 4188 nutat
294 4132 320 4187 V
370 4133 405 4188 24
417 4132 482 4198 <ab>
494 4135 617 4190 omnibns
635 4137 704 4191 Bor.
