2904 4672
175 254 241 318 390
470 247 592 303 Gelasiur
611 247 632 301 Ι.
652 247 686 301 ad
705 249 842 317 episcopos
860 247 1011 302 Dardaniae

174 444 334 521 custodiri,
359 443 432 525 quia
455 446 487 506 et
508 462 591 506 noua
613 442 644 505 in
666 444 799 522 utroque
821 440 967 524 pontifice
985 459 1081 505 causa
1098 445 1184 506 esset
1204 445 1304 507 exorta

175 553 207 613 et
246 568 359 614 nouam
401 547 630 611 discussionem
666 548 891 627 cousequenter
926 545 1105 627 inquireret,
1143 551 1184 622 et,
1223 549 1304 612 siout

174 673 297 737 semper
325 656 409 718 esset
437 653 582 716 effectum
610 670 646 715 ac
675 650 797 714 diuinae
827 651 942 734 pariter
967 650 1054 735 leges
1088 653 1303 735 humanaeque

174 763 344 837 censerent,
381 762 417 822 ut
453 756 638 822 sacerdotali
680 757 812 822 concilio
854 757 892 820 de
934 757 1149 822 sacerdotibus
1189 759 1302 824 iudicia

172 867 380 948 prouenirent‚
395 884 455 930 non
468 883 488 928 a
502 863 653 928 saeculari
671 862 851 926 uiderentur
869 864 1110 945 qualescumque
1129 864 1301 946 pontifices,
1329 889 1339 928 a

174 971 235 1034 etsi
250 989 350 1035 errore
363 969 545 1034 humanitus
560 969 723 1035 accedente
742 989 800 1035 non
820 972 923 1032 tamen
943 968 1125 1052 religionem
1145 971 1301 1036 ullatenus

121 1073 364 1152 accrescentes,
380 1077 536 1158 potestate
549 1075 687 1157 percelli.
724 1093 762 1138 an
781 1074 820 1138 ad
838 1076 916 1139 haec
934 1075 1018 1139 iusta
1035 1075 1154 1140 ratione
1171 1075 1301 1158 principi

174 1182 369 1266 suggerenda
387 1200 446 1246 nou
466 1185 531 1246 erat
549 1181 653 1264 regiae
672 1179 811 1245 ciuitatis
830 1181 946 1246 honora
966 1180 1135 1246 sublimis?
1154 1181 1183 1246 si
1201 1183 1300 1246 factus

174 1291 241 1352 erat
265 1289 321 1352 illa
347 1288 433 1370 regia
460 1288 590 1351 ciuitate
618 1286 791 1361 sublimior,
818 1289 905 1351 tanto
933 1287 1034 1370 magis
1061 1288 1092 1351 in
1116 1287 1166 1352 his
1190 1307 1300 1372 sugge

173 1394 276 1458 reudis
304 1393 413 1459 debuit
440 1413 509 1458 esse
537 1394 744 1471 constantium
780 1394 807 1458 si
835 1395 940 1457 autem
971 1393 1004 1456 in
1035 1393 1096 1470 his,
1130 1413 1211 1476 quae
1246 1413 1298 1476 pro
1318 1421 1336 1458 n

172 1499 323 1582 religione
350 1501 474 1564 fuerant
499 1500 675 1576 exserenda,
704 1499 807 1564 extitit
842 1499 1089 1582 contemptibilis
1125 1504 1220 1582 atque
1252 1502 1300 1564 de.

173 1607 300 1685 spectus
324 1607 356 1669 et
378 1606 433 1668 aut
456 1605 561 1688 segnis
585 1607 639 1667 aut
665 1602 812 1668 fiduciam
839 1623 899 1669 non
927 1604 1044 1668 hahens
1071 1605 1247 1683 intimandi,
1269 1608 1298 1670 in

173 1728 234 1792 quo
261 1729 317 1791 per
341 1711 459 1794 regiam
483 1711 646 1774 ciuitatem
668 1711 766 1775 maior
789 1709 917 1774 effectus
942 1710 1013 1776 est?
1036 1728 1073 1773 an
1096 1715 1135 1774 ut
1155 1731 1212 1793 per
1234 1732 1298 1777 earu

173 1832 247 1878 suae
270 1815 545 1897 praeuaricationis
569 1819 705 1879 exereret
726 1816 833 1897 potius
856 1815 1051 1898 tyrannidem
1073 1835 1168 1899 qnam
1191 1837 1298 1882 causas

120 1931 162 1994 60
171 1920 330 2004 religionis
348 1922 489 2005 legitime
508 1925 710 2004 procuraret?
751 1921 875 1984 Nathan
898 1921 1048 2003 propheta
1071 1922 1176 2004 palam
1200 1924 1299 2005 puhli-
1314 1943 1335 1984 n

172 2044 269 2108 ceque
292 2027 322 2091 in
346 2028 424 2091 facie
447 2028 514 2111 regi
537 2027 640 2092 Dauid
660 2031 691 2090 et
710 2027 913 2091 commissum
931 2029 1149 2110 pronuntiauit
1166 2049 1299 2095 errorem

173 2135 205 2197 et
226 2132 329 2215 ipsum
354 2134 538 2198 conmisisse
560 2154 620 2199 nou
643 2133 742 2198 tacuit
765 2137 797 2197 et
819 2132 1016 2198 confessione
1039 2139 1215 2200 correctum
1233 2156 1300 2202 cou-

174 2241 338 2319 sequenter
361 2238 507 2304 absoluit.
530 2239 640 2303 beatae
662 2239 829 2303 memoriae
852 2239 1038 2304 Ambrosius
1060 2239 1300 2307 Mediolanensis

174 2343 318 2409 sacerdos
346 2344 495 2409 ecclesiae
518 2344 629 2408 maiori
652 2345 826 2409 Theodosio
850 2345 1029 2427 imperatori
1050 2346 1299 2412 communionem

173 2447 297 2528 publice
328 2450 494 2532 palamque
526 2451 691 2532 suspendit
723 2456 817 2532 atque
850 2451 887 2514 ad
922 2450 1144 2533 paenitentiam
1181 2454 1338 2537 redegitro

173 2553 291 2636 regiam
317 2557 517 2636 potestatem.
545 2556 654 2619 heatae
678 2557 844 2620 memoriae
868 2574 948 2638 papa
969 2556 1043 2633 Leo,
1069 2557 1153 2621 sicut
1174 2557 1299 2642 legitur,

172 2659 389 2742 imperatorem
417 2659 627 2725 Theodosium
649 2661 800 2725 iuniorem
823 2662 986 2743 Epheseno
1013 2662 1176 2737 latrocinio
1205 2663 1299 2728 libere

121 2769 160 2832 61
173 2765 315 2848 coarguit
341 2765 549 2832 excedentem.
579 2770 704 2831 sanctae
732 2767 899 2832 memoriae
924 2786 1047 2849 quoque
1070 2787 1152 2851 papa
1172 2769 1299 2833 Hilarus

262 2887 294 2940 15
313 2887 347 2940 cf.
366 2888 449 2956 Regn.
469 2886 496 2940 II
517 2889 557 2953 12,
578 2889 591 2941 1

210 2994 226 3045 1?
243 2993 375 3046 custodire
393 2994 420 3048 Β
498 3012 569 3049 noua
586 3010 671 3064 sopra
690 2995 737 3048 lio.
757 2996 821 3049 odd.
840 2996 867 3048 Β
947 2993 1088 3048 causaeB
1173 2998 1218 3048 eet
1235 2998 1298 3064 (pro

172 3066 227 3146 e-et)
251 3080 277 3134 V
328 3083 439 3152 3sepcr
456 3083 484 3137 R
555 3101 585 3137 ac
608 3083 702 3137 VRA:
720 3083 810 3138 hocB
880 3084 949 3152 legis
967 3083 995 3135 B
1063 3078 1250 3152 humanaeque
1268 3099 1298 3137 ea

172 3169 340 3238 humanaque
363 3187 429 3225 corr.
454 3169 480 3223 V
500 3188 573 3226 man.
596 3176 623 3235 2,
646 3173 759 3225 humane
785 3188 852 3240 quae
871 3173 911 3225 B:
933 3171 1064 3224 humanae
1082 3171 1110 3224 R
1133 3188 1208 3225 man.
1231 3176 1254 3233 1,
1272 3175 1298 3224 et

172 3257 302 3311 humanae
319 3259 374 3314 AR
391 3262 502 3314 mora2
546 3260 750 3328 5preuenirent
766 3260 794 3312 B
850 3277 904 3313 uon
922 3259 956 3312 nd
974 3260 1001 3311 B
1055 3259 1256 3327 qualiscumque
1272 3259 1298 3312 Β

173 3344 353 3400 hoccidente
371 3345 399 3397 B
501 3347 519 3399 '7
539 3344 573 3400 ed
596 3347 715 3401 VRAB:
737 3345 831 3401 etll'
909 3347 1036 3417 principia
1058 3346 1086 3399 B
1185 3347 1297 3401 Serant

172 3433 199 3486 A
217 3433 503 3502 compararemus
575 3435 656 3488 9ille
673 3435 701 3488 A
789 3434 976 3505 suggerendis
999 3434 1026 3487 V
1093 3433 1128 3487 10
1142 3433 1296 3489 dedehuisse

173 3524 337 3575 constantior
353 3522 381 3575 Β
450 3540 497 3593 pro
515 3523 575 3576 ΒΣε
595 3540 644 3577 orn¹
669 3522 746 3578 VRA
823 3525 852 3577 il
872 3523 981 3592 regione
999 3523 1027 3575 B
1097 3524 1229 3577 exerenda
1245 3522 1296 3577 BR

172 3624 245 3663 oran.
262 3614 286 3674 1,
304 3611 448 3665 exercenda
465 3611 520 3666 Aa
537 3614 648 3665 ΜΗ
701 3612 835 3680 dispectus
853 3612 880 3664 B
918 3613 950 3665 12
969 3611 1052 3679 signis
1070 3610 1098 3663 Β
1135 3611 1168 3665 13
1189 3628 1246 3664 eam
1259 3611 1294 3664 B:

173 3715 205 3751 ca
226 3698 303 3754 VRA
373 3700 408 3752 14
426 3715 499 3752 suam
517 3698 545 3750 Β
616 3716 679 3752 suae
696 3699 862 3768 tyrannidem
882 3698 1026 3767 (tyrannidi
1042 3698 1080 3763 Β)
1099 3715 1191 3767 praeu.
1211 3699 1294 3768 potius

172 3791 289 3841 exereret
308 3791 450 3853 (exerceret
468 3788 504 3853 A)
523 3787 579 3842 ΒΑ
620 3788 652 3842 15
670 3787 788 3841 Natham
807 3788 834 3841 Β
886 3787 992 3855 publica
1011 3802 1078 3854 quae
1091 3785 1119 3839 B
1157 3789 1190 3841 16
1204 3787 1294 3842 faciem

171 3877 242 3944 regis
259 3876 287 3931 R
351 3877 382 3929 17
402 3876 577 3929 commississe
595 3876 622 3928 B
686 3877 718 3930 19
737 3876 860 3929 sacerdus
878 3876 905 3928 B
975 3875 1070 3928 maiori
1087 3874 1230 3929 theodosio
1248 3876 1293 3927 im-

171 3966 286 4034 peratori
310 3964 519 4016 communionem
548 3963 584 4016 V:
606 3965 734 4017 maiorum
758 3964 910 4016 thedosium
937 3964 1125 4032 imperatorem
1153 3963 1293 4028 communi·

172 4069 248 4105 onem
265 4052 300 4117 Β,
318 4053 446 4106 maiorem
464 4050 632 4105 theodosium
650 4053 836 4120 imperatorem
855 4069 869 4103 a
888 4051 1071 4104 communione
1090 4051 1146 4105 ΒΑ
1207 4053 1241 4106 20
1257 4067 1293 4104 re-

172 4140 241 4210 digit
258 4141 285 4193 B
328 4141 362 4191 22
380 4140 532 4194 teodoxium
550 4140 578 4192 B
639 4141 752 4193 effeseno
771 4140 806 4202 Β,
825 4139 951 4209 ephesino
970 4141 996 4192 A
1046 4137 1294 4195 23cxcidentemB
