2904 4672
124 250 247 316 XXXII
542 247 831 317 Prolegomerra.

125 447 159 510 et
180 463 232 510 aas
252 444 434 530 significabo
454 443 659 523 coniecturas,
679 462 756 526 quas
774 444 835 508 toti
853 444 933 508 libro
951 444 1076 526 peracto
1096 441 1252 526 adspersit
1275 518 1277 522 ¹

125 551 165 628 is,
198 550 253 632 qui
282 549 351 633 ipse
382 550 519 615 mediam
551 550 618 615 eius
649 553 769 633 partem
801 552 988 625 excreuerat,
1018 551 1050 613 et
1076 566 1128 612 eas
1157 566 1251 631 quam

125 656 343 740 paucissimas,
362 675 439 739 quas
459 656 529 721 aliis
548 655 741 739 temporibus
760 656 838 720 aliae
857 673 969 720 manus
988 653 1039 718 hic
1058 653 1124 717 illic
1148 653 1249 720 codici

126 761 367 845 adscripserunt.

123 900 447 986 8)Angelicanus
463 903 526 966 292
543 901 649 983 (olim
665 900 699 966 0.
715 902 999 987 6.18)chartac.
1020 919 1119 965 saec.
1137 899 1247 983 losll.

170 1023 355 1108 Descriptus
393 1027 442 1091 est
478 1025 574 1091 codex
611 1026 673 1090 iam
709 1025 886 1091 Balloriniis
922 1043 983 1089 non
1018 1023 1146 1108 ignotus
1158 1022 1182 1106 ¹)
1215 1042 1250 1088 ex

126 1130 277 1196 Uaticano
310 1152 326 1215 ρ
359 1151 395 1198 eo
431 1134 580 1214 ternpore,
618 1150 679 1215 quo
715 1132 770 1196 ille
809 1131 898 1196 initio
939 1129 1076 1195 nondum
1115 1128 1251 1193 habebat

124 1237 179 1301 fol.
192 1238 298 1302 1-14
309 1235 364 1322 (=
376 1257 444 1322 epp.
460 1236 601 1314 42-44‚
615 1237 822 1322 fragmentum
837 1235 884 1319 ep.
901 1239 953 1314 41,
969 1255 1037 1319 epp.
1057 1232 1201 1321 45-50)
1214 1238 1249 1312 2);

126 1342 251 1407 exhibet
281 1344 364 1408 enirn
397 1345 523 1410 nonnisi
552 1345 647 1410 hasce
679 1345 738 1410 hoc
771 1345 876 1409 ordine
906 1343 1076 1426 epistulas:
1110 1342 1249 1421 51-72,

124 1446 290 1528 tls-243,
330 1450 541 1534 fragmentum
581 1469 629 1533 ep.
671 1451 746 1528 244,
788 1450 929 1528 84-93,
972 1450 1067 1526 1-2,
1109 1447 1248 1511 30-41.

127 1554 296 1636 epistulam
330 1553 373 1619 41
412 1556 521 1621 eodem
557 1557 650 1622 modo
687 1561 779 1639 atque
814 1557 847 1620 in
875 1575 892 1640 p
920 1555 1078 1638 excipiunt
1112 1551 1248 1618 Donatio

123 1652 271 1744 'Gregorii
293 1659 309 1723 Ι
333 1663 366 1725 et
387 1660 488 1726 Breue
512 1660 682 1729 Clementis
705 1661 749 1726 IV
777 1661 816 1726 ad
841 1661 926 1725 Petr.
955 1658 1117 1724 Grossum.
1162 1656 1250 1721 locos

125 1765 181 1847 qui
201 1764 234 1828 in
258 1784 273 1847 ρ
296 1764 400 1829 relicti
428 1769 515 1830 eraut
544 1765 715 1850 deprauati,
733 1766 772 1843 is,
792 1765 846 1848 qui
865 1764 1003 1830 codicem
1022 1762 1249 1847 Angelicanum

124 1870 272 1948 exorauit,
297 1869 334 1934 de
358 1888 415 1935 suo
439 1871 620 1937 emendarit
640 1890 823 1955 perpaucos.

298 2008 330 2096 9)
354 2011 482 2076 Uatis.
499 2012 573 2077 'lat
597 2013 683 2078 4903
707 2014 880 2078 chartac.
905 2030 1005 2077 saec.
1031 2012 1081 2077 16.

171 2130 273 2198 Codex
296 2135 328 2197 et
348 2133 418 2216 ipse
435 2135 613 2200 Balleriniis
635 2139 729 2202 notus
747 2139 821 2220 post
837 2135 1002 2219 Epiphanii
1020 2134 1059 2200 ad
1076 2132 1249 2198 Diodorum

125 2237 296 2320 epistulam
319 2237 444 2303 exhibet
465 2239 677 2324 fragmentum
698 2240 733 2305 11.
800 2241 832 2304 in
854 2241 948 2306 fol.2
972 2256 1082 2303 manus
1106 2255 1187 2302 saec.
1208 2237 1248 2300 17

123 2342 303 2408 adnotauit:
335 2342 435 2407 Aliud
463 2345 618 2426 exemplar
633 2344 888 2427 prosus-simile
909 2348 993 2420 estat
1013 2344 1048 2407 io
1069 2343 1126 2406 bac
1147 2341 1249 2405 biblio-

126 2447 210 2512 theca
226 2456 269 2512 at
289 2452 397 2526 3786,Ι
411 2450 524 2532 quibus
547 2452 609 2516 alia
630 2471 740 2516 manus
764 2451 884 2516 addidit
901 2451 992 2516 baec:
1015 2446 1249 2532 Auloprapbom

122 2574 198 2618 >aero
220 2554 312 2618 boios
334 2555 445 2620 codicis
466 2556 558 2621 bobes
579 2577 610 2621 o.
630 2561 723 2622 4961.
752 2576 830 2639 quae
851 2556 965 2621 ultima
986 2555 1066 2628 falsa
1088 2555 1174 2630 sunt;
1199 2552 1249 2617 de-

123 2660 277 2743 scriptum
300 2661 383 2726 euim
407 2681 476 2727 esse
499 2662 601 2728 Uatic.
624 2665 710 2729 4903
738 2683 774 2728 ex
801 2662 1009 2728 Ottoboniano
1032 2680 1049 2721 o
1072 2679 1132 2724 non
1155 2658 1247 2723 modo

121 2765 196 2830 inde
220 2766 371 2849 sequitur,
395 2768 478 2849 qrrod
500 2769 531 2833 in
554 2769 615 2834 fine
637 2769 762 2835 exhibet
784 2773 816 2835 ot
837 2768 966 2858 eandem
989 2765 1248 2849 subscriptionem

125 2869 220 2935 Hono
239 2871 353 2936 libram
374 2874 540 2958 acquisierit
561 2875 703 2940 dminus
723 2873 903 2940 Damiamos
923 2895 949 2938 s.
969 2875 1000 2956 †.
1023 2871 1086 2937 Iste
1107 2869 1183 2935 liber
1205 2874 1249 2934 est

122 2975 164 3040 ab
185 2976 331 3059 ore'qinoti
351 2978 434 3060 quod
449 2973 539 3044 babet
553 2981 773 3045 monasteriaco
789 2985 893 3061 sancta
911 2980 1010 3043 crucis
1026 2977 1138 3041 Fontis
1154 2975 1248 3039 Acel-

123 3080 197 3164 loac
217 3082 383 3165 cupbuhinp
404 3084 532 3150 diocesis
553 3085 591 3150 de
611 3085 703 3151 umbo
721 3087 764 3150 ad
780 3085 907 3151 umbem
923 3083 1054 3166 fideliter
1071 3083 1247 3162 rescriptos.

125 3187 220 3251 Aorno
242 3188 359 3253 domiai
379 3192 479 3254 nostri
500 3191 567 3255 iesu
589 3189 816 3256 chrisliMDL
839 3194 871 3255 et
893 3190 1025 3260 eundem
1047 3188 1181 3253 indicem
1203 3205 1248 3251 re·

124 3313 205 3371 rum,
236 3313 315 3376 quae
340 3293 372 3360 in
399 3320 416 3360 o
444 3299 558 3376 emant,
587 3298 642 3363 sed
669 3299 763 3367 etiam
789 3297 872 3374 indo,
899 3297 983 3380 quod
1008 3296 1171 3380 plerasque
1195 3312 1247 3357 eas

124 3398 276 3464 lectiones
299 3401 412 3478 uarias,
437 3421 515 3484 quae
538 3403 639 3469 codici
662 3422 678 3464 ο
701 3403 921 3487 adspersemnt
943 3422 997 3468 eae
1025 3419 1147 3477 manus,
1170 3414 1248 3481 quas

122 3504 230 3568 littera
244 3504 277 3566 ο2
290 3505 476 3590 significari,
492 3509 663 3574 Uaticanus
677 3511 763 3574 4903
781 3509 814 3577 in
833 3508 971 3574 ordinem
985 3508 1152 3577 uerborum
1165 3523 1248 3569 rece·

122 3609 186 3691 pit3
220 3611 259 3675 ci.
289 3613 419 3695 exempli
451 3632 547 3682 causa
579 3616 656 3700 162ἵ
684 3616 810 3680 acuisti
836 3636 867 3680 o:
900 3612 1052 3679 sorbuisti
1079 3615 1111 3676 ο2
1143 3610 1247 3676 Uatic.

129 3735 296 3743 Μ

163 3781 182 3843 ¹)
202 3782 234 3838 ci.
253 3783 349 3838 Leonis
368 3802 428 3855 opp.
446 3785 488 3840 III
505 3804 531 3857 p.
551 3786 667 3842 CLVIII.
720 3805 806 3858 nuper
823 3788 940 3844 codicem
959 3788 1100 3857 descripsit
1116 3787 1247 3842 Henricus

125 3869 258 3925 Narducci
285 3871 380 3943 (Catal.
400 3873 474 3928 codd.
492 3877 662 3947 manuscript.
675 3878 736 3930 ..in
753 3877 878 3931 biblioth.
896 3877 1026 3947 Angelica
1044 3877 1107 3930 olim
1126 3877 1261 3933 coenobii¹

127 3957 153 4012 S.
172 3958 317 4028 Augustini
335 3959 367 4014 de
385 3962 458 4026 urbe,
477 3962 498 4027 Ι,
519 3963 596 4027 1893,
609 3981 635 4034 p.
651 3965 702 4018 156
721 3969 799 4035 sqq),
818 3982 895 4034 quern
914 3968 1004 4023 tamen
1021 3964 1094 4034 fugit
1113 3964 1248 4025 continere

123 4063 187 4101 eum
205 4047 388 4102 collectionem
405 4049 562 4104 Auellanam
581 4053 700 4121 quamuis
719 4053 807 4122 aliquo
827 4053 905 4107 modo
923 4053 1067 4108 turbatam.

161 4135 182 4204 ²)
201 4135 234 4190 ci.
253 4152 333 4206 supra
349 4154 374 4208 p.
393 4138 487 4193 XXXI.
