2904 4672
610 213 698 284 Epist.
717 214 830 267 υιυιιιι
848 215 925 270 3-5,
1261 221 1323 284 185

201 405 255 468 δύο
277 402 356 480 υἱούς
377 409 554 470 καί-πείθου
576 417 635 481 τοῖς
657 409 785 492 σεραφίμ
805 407 856 491 την
878 406 980 488 τριάδα
1002 403 1142 482 ὡσαύτως
1157 406 1321 489 δοξολογεῖν

199 511 252 572 καί
282 508 323 594 μὴ
352 505 435 594 παρά
463 519 554 574 ταῦτα
591 522 685 591 νοσεῖν
719 509 886 582 κενοδοξίαν
919 520 971 574 τού
1003 514 1152 574 ποιεῖσθαι
1183 515 1323 596 κακίστην

201 611 363 700 ἐπισοφισιν
393 616 519 698 σταυρὸν
550 623 590 697 τῖμ
614 608 694 698 ύμνιρ
717 617 884 698 προστιθείς
906 617 1000 700 πηρδς
1022 613 1143 688 πολλοῖς
1164 619 1322 698 γινόμενος.

199 722 228 781 τί
249 711 300 780 σύν
322 717 477 800 διορύττεις
491 713 611 802 ὄμματα
624 715 746 781 ἰδιωτῶν
762 700 953 788 έπισκοιλίζων
969 715 1086 802 ἀσεβῶν
1103 714 1206 802 ὁρμὰς,
1221 715 1324 805 Μάνην
1347 718 1368 781 3

169 823 253 884 υκαί
283 816 475 886 Ούαλεντῖνον
504 826 556 887 καὶ
584 817 702 908 Εύτυχῆ
734 817 858 892 ὁπλίζων
892 832 943 885 του
976 826 1095 907 φάσκειν
1127 824 1262 907 παθητὸν
1291 824 1324 886 τὰ

201 927 296 1000 θεῖον,
321 925 432 1009 μᾶλλον
462 925 495 988 δὲ
516 923 637 989 Παῦλον
667 927 716 988 τάν
738 921 916 1008 Σαμοσατέα
937 928 988 988 καί
1008 919 1179 1009 Νεστύριον,
1203 926 1274 991 διύτι
1294 924 1324 989 ἐν

201 1039 246 1112 τῖρ
267 1032 403 1113 τρισαηίιρ
424 1031 601 1113 προστιθεῖς,
615 1027 752 1112 τετράδα;
776 1024 827 1108 ὅτι,
844 1025 883 1102 ὣς
898 1025 933 1092 ἀν
948 1040 1158 1115 περιστραφης,
1173 1031 1205 1092 τὸ
1221 1027 1325 1112 ἀσεβὲς

202 1134 303 1216 νόημα
331 1126 481 1215 εὐσέβειαν
512 1127 568 1200 ούκ
589 1129 652 1218 ἔχει
674 1129 754 1194 ἀλλὰ
775 1132 917 1195 πλείστων
941 1129 1081 1217 αἱρέσεων
1105 1132 1231 1195 δείκνυσι
1253 1153 1325 1217 μορ-

203 1239 269 1322 φάς.
315 1229 432 1320 Ἄρειος
453 1238 509 1319 γὰρ
532 1234 647 1318 ἐλαττοῖ
668 1238 716 1299 τὸν
740 1233 800 1300 υἱὸν
823 1238 874 1300 καί
895 1231 1033 1322 Εύτυχης
1055 1232 1167 1320 δμοίως
1181 1235 1230 1296 διὰ
1244 1237 1277 1298 τὸ
1292 1236 1325 1298 τύ
1348 1232 1369 1293 4

156 1365 186 1406 ιο
204 1343 303 1414 πάθος
331 1338 525 1425 παραθέσθαι
553 1351 589 1426 τη
619 1342 688 1422 θεία
717 1341 802 1426 φύσει
830 1350 881 1404 τού
911 1339 984 1407 υἱοῦ.
1008 1342 1053 1405 διδ
1076 1335 1145 1404 ούδέ
1167 1334 1324 1422 δμοούσιον

202 1437 316 1531 φράσαι
337 1439 372 1508 ἀν
396 1440 436 1517 ὡς
458 1439 602 1528 Εύνύμιος
624 1446 673 1507 τὸν
696 1442 766 1509 υἱον
791 1443 816 1508 εί
837 1442 893 1529 γάρ
916 1445 952 1530 δὴ
974 1443 1045 1528 παρ’
1068 1439 1167 1514 αύτοῖς
1190 1438 1205 1505 ύ
1228 1441 1324 1526 πατὴρ

204 1544 337 1630 ἀπαθὴς,
361 1542 377 1609 ύ
400 1544 462 1618 υἱὸς
491 1547 524 1610 δέ
553 1551 730 1633 τηθεύτητι
757 1551 901 1634 παθητὸς,
923 1559 985 1624 πῶς
1015 1544 1191 1633 δμοούσιοςς
1220 1541 1327 1610 Μανεε

204 1649 300 1722 δύνιος
329 1649 362 1711 δὲ
392 1652 488 1734 τέμνει
516 1649 550 1714 ἐκ
577 1661 628 1714 τού
658 1653 769 1735 πατρὸς
798 1654 830 1715 τδ
853 1648 934 1732 ἅγιον
956 1661 1072 1738 πνεύμα
1092 1652 1144 1713 καί
1164 1645 1326 1732 Νεστύριος

204 1748 346 1826 ὡσαύτως
376 1752 486 1839 διχάζει
515 1753 557 1826 εὶς
587 1754 683 1817 δυάδα
713 1751 781 1819 υἱοῖν
811 1758 859 1819 τάν
889 1752 942 1818 ἕνα
964 1753 1025 1819 υἱὸν
1047 1757 1098 1818 καί
1117 1749 1262 1838 ἡδύνεται,
1286 1746 1326 1824 ὣς

155 1884 185 1926 ιτ
205 1855 242 1920 σύ
271 1853 353 1942 ἔφης,
381 1859 503 1943 φάσκειν
526 1856 555 1921 ἐν
577 1869 618 1942 τῑμ
640 1862 776 1942 τρισαηίιρ
798 1859 933 1942 τετράδα,
956 1861 1081 1943 σταυρὸν
1105 1858 1178 1942 μετὰ
1198 1857 1231 1918 τύ
1254 1851 1325 1939 δμο-

204 1959 331 2043 λοφῆσαι
351 1961 402 2045 την
425 1962 529 2046 τριάδα
550 1964 717 2045 προστιθείς
740 1959 867 2046 ἀσεβῶς.
911 1973 1024 2027 παύσαι
1045 1957 1095 2025 ούν
1117 1969 1169 2045 της
1190 1959 1326 2043 τοιαύτης
1349 1967 1368 2029 5

204 2073 260 2126 σου
282 2059 409 2147 ἀσεβοῦς
430 2069 658 2151 φαραγηώοεως,
676 2066 716 2150 μὴ
735 2069 909 2150 προσθεῖναι
919 2077 960 2151 τῐμ
975 2061 1133 2146 σκανδάλιρ
1148 2061 1325 2142 σκάνδαλον,

203 2169 256 2230 καὶ
278 2168 319 2252 μὴ
342 2166 397 2253 ἔση
421 2166 511 2241 αἴτιος
534 2166 682 2243 ἀπωλείας
703 2179 760 2233 τῶν
783 2166 990 2253 ἁπλουστέρων
1014 2166 1190 2253 ἀνθρώπων,
1207 2167 1247 2250 μή
1262 2185 1326 2234 πως

204 2267 223 2334 δ
244 2272 390 2356 πρόεδρος
411 2266 496 2358 ἡμῶν
520 2268 618 2357 Φίληξ
640 2276 717 2336 κατὰ
738 2274 806 2344 τούς
827 2275 954 2347 κανόνας
970 2271 1156 2360 ἀποφηνηται
1169 2271 1246 2333 κατά
1260 2289 1325 2348 σου,

152 2405 185 2445 20
201 2377 255 2438 καί
277 2370 360 2438 ούδέν
383 2396 417 2437 σε
440 2371 588 2461 ὠφελήσει
608 2377 641 2438 το
662 2375 754 2456 λέγειν
770 2375 848 2460 ,ἐγὼ
864 2373 1034 2463 εὐχρήστως
1048 2385 1132 2440 τούτο
1146 2371 1325 2456 ἀπετιθέμην

201 2486 256 2540 τού
285 2480 333 2541 τύν
364 2481 572 2562 σταυρωθέντα
602 2476 631 2541 ἐν
658 2489 698 2562 τῷ
727 2485 862 2564 τρισαηίιρ
898 2478 1083 2566 ύμολοηεῖνίί.
1106 2475 1178 2564 ἀρον
1192 2473 1324 2560 ’ἀνομίαν

203 2580 240 2643 έκ
261 2589 314 2666 της
336 2574 520 2665 οἰκουμένης,
546 2583 666 2667 μήπως
688 2592 773 2646 τούτο
795 2582 887 2669 τάχος
902 2581 1097 2670 περιπολάση,
1114 2581 1203 2649 ὅτιτὸ
1219 2577 1326 2661 ἀσεβὲς

242 3228 259 3282 2
272 3228 416 3291 κενοδοξίαν
430 3247 473 3284 eo:
492 3229 637 3292 κενοδοξίας
651 3231 716 3301 agh3
735 3231 893 3294 καινοδοξίαν
908 3233 969 3301 ἀερίά
986 3233 1116 3300 interpres
1220 3233 1237 3286 4
1253 3231 1325 3304 ἀρύτ-

204 3335 258 3378 τεις
276 3316 311 3385 gh
364 3319 379 3370 7
398 3320 543 3386 προστιθεῖς
562 3334 589 3371 a:
608 3318 753 3388 προστιθείς
771 3318 816 3388 gh,
835 3318 977 3390 προστίθης
994 3320 1041 3390 τὴν
1064 3337 1094 3373 ου
1166 3317 1196 3370 ἂν
1218 3320 1314 3388 scripsi

204 3401 251 3454 ἐὰν
269 3404 355 3473 aeogh
397 3403 563 3473 θεοσεβείας
582 3406 675 3474 aeogh,
695 3407 797 3460 correxi
840 3407 902 3459 9τὸ
921 3407 949 3458 τὸ
969 3423 1012 3462 eo:
1031 3409 1059 3459 τὸ
1079 3407 1132 3477 agh
1181 3406 1210 3459 11
1231 3405 1326 3477 φράσαι

204 3487 237 3540 ἀν
254 3491 362 3560 scripsi:
380 3491 502 3564 φράσειαν
520 3510 576 3556 υεο,
596 3491 681 3565 φράοη
701 3491 731 3544 ἀν
749 3494 775 3557 h,
795 3493 886 3564 φράσει
903 3490 933 3544 ἀν
951 3510 969 3563 g
986 3495 1047 3560 (sed
1065 3512 1086 3547 τι
1104 3485 1184 3560 σοιν.)
1222 3493 1255 3546 14
1265 3489 1325 3544 υἱῶν

204 3591 249 3629 eo:
267 3593 318 3634 om.
337 3578 389 3648 agh
426 3578 458 3631 16
476 3579 655 3649 προστιθύινυ
689 3580 723 3633 20
741 3578 903 3651 ὠφελήσηλι
963 3580 1116 3652 ἐπντιθὲμην
1134 3579 1241 3634 Fronto
1255 3578 1325 3633 Duc.

205 3664 241 3717 22
259 3671 332 3718 τοῦτο
350 3663 430 3736 τάχος
449 3682 510 3735 eog:
529 3667 557 3717 τὸ
576 3665 656 3737 τάχος
674 3685 697 3733 ο,
716 3665 795 3738 τάχος
814 3673 887 3719 τοῦτο
906 3667 923 3720 h
993 3665 1135 3738 ἐπιπολάση
1155 3684 1185 3722 eo
