2904 4672
1301 28 1352 217 s

180 451 339 533 cupientes
363 451 507 515 iubemus
531 451 579 514 bis
602 451 725 525 litteris,
759 455 796 517 ut
826 452 864 515 ab
896 452 955 531 his,
979 472 1057 536 quos
1084 453 1174 520 iuuat
1196 457 1304 522 turbu-

178 557 262 621 lenta
294 556 457 632 seiunctio,
489 556 595 620 nullus
626 557 709 620 intra
741 557 927 622 uicesimum
961 558 1096 641 lapidem
1132 565 1302 625 conuentus

179 662 339 738 habeatur,
362 662 489 745 Aginati
510 663 672 726 karissime
691 682 726 727 ac
743 662 976 728 iocundissima.
1039 666 1145 747 itaque
1164 671 1303 749 spectata
1326 667 1345 727 2

180 767 342 832 sinceritas
364 771 420 832 tua
443 766 608 832 admodum
635 767 771 832 salutare
795 773 996 851 praeceptum
1023 774 1055 834 et
1078 773 1161 852 quod
1182 773 1304 836 nullum

152 872 484 956 sinterpretationibus
520 874 625 938 locum
662 892 697 936 er
733 873 836 956 aliquo
872 874 1028 957 relinquat
1061 877 1218 961 ambigue,
1255 879 1304 942 lris

182 979 291 1045 animis
324 981 501 1062 exequatur,
534 998 611 1062 qnos
642 980 712 1062 paci
743 979 1022 1063 tranquillitatique
1053 984 1237 1064 reparandae
1274 987 1306 1047 et

180 1086 273 1151 iudex
296 1084 388 1149 debet
410 1087 441 1149 et
464 1085 553 1150 ciuis.
607 1084 701 1148 babes
725 1088 756 1149 et
773 1086 907 1150 urbanae
925 1087 956 1150 in
975 1087 1034 1150 lroe
1053 1088 1201 1152 auxilium
1218 1108 1304 1171 prae·
1328 1090 1347 1150 3

183 1192 337 1266 iecturae;
361 1211 432 1255 nam
464 1191 557 1255 ctiam
590 1188 750 1272 Olybrium
784 1192 992 1256 clarissimum
1023 1197 1116 1275 atque
1147 1194 1303 1258 illustrem

183 1299 287 1363 uirum
316 1297 384 1380 pari
410 1297 559 1361 serenitas
592 1299 697 1360 nostra
727 1297 870 1361 conuenit
897 1297 1022 1362 arbitrio
1045 1299 1076 1361 in
1103 1300 1305 1364 factiosorum

145 1420 167 1458 ιο
182 1404 297 1485 impios
320 1407 438 1481 coetus,
462 1406 499 1468 ut
520 1402 661 1478 termino,
686 1403 739 1484 qui
764 1402 923 1467 euidenter
946 1406 994 1467 est
1015 1404 1180 1480 limitatus,
1197 1406 1304 1477 ,exclu-

186 1509 280 1588 deret,
304 1527 366 1592 qno
388 1526 443 1573 nee
465 1508 497 1572 in
524 1509 627 1575 uicino
660 1508 785 1590 quidem
816 1510 991 1572 exereretur
1020 1509 1053 1572 id
1084 1513 1199 1586 motus,
1223 1512 1306 1591 qnod

185 1615 216 1678 in
248 1614 324 1680 urbe
355 1634 415 1679 non
448 1617 540 1679 esset.
573 1616 605 1678 et
635 1613 725 1678 facile
755 1613 952 1696 praestabitis
980 1613 1050 1689 duo,
1080 1615 1162 1694 qnod
1191 1616 1304 1698 singuli

186 1722 342 1804 praestare
363 1719 502 1804 possitis.
524 1772 527 1779 .

576 256 662 325 Epist.
681 256 733 311 VII
751 257 768 309 2
788 288 821 323 ,-
839 257 863 311 Χ
882 259 906 312 2.
1259 267 1298 329 51

726 1911 809 1994 (lo.)

140 2068 171 2108 15
230 2051 306 2098 noun
336 2054 431 2098 nnec.
464 2053 506 2097 nn
540 2053 690 2098 onrnnrnn
721 2052 750 2096 Ρ.
782 2053 811 2098 u,
880 2033 958 2100 Cum
993 2035 1069 2099 nihil
1100 2035 1201 2116 possit
1237 2052 1305 2098 esse

158 2183 159 2187 =
188 2139 350 2205 iocundius
381 2140 433 2204 uel
460 2140 646 2205 abundantia
676 2139 730 2228 nel
751 2140 854 2222 quiete
883 2160 917 2204 ac
945 2160 1066 2204 summa
1094 2139 1225 2204 felicitas
1254 2140 1304 2214 sit,

190 2245 331 2327 quotiens
355 2246 415 2311 duo
438 2247 500 2310 ista
521 2247 701 2330 iunguntur,
724 2246 832 2328 procul
855 2247 948 2310 dubio
972 2245 1148 2310 sublrmitas
1167 2250 1222 2309 tua
1240 2264 1306 2327 per-

191 2350 292 2432 spicit,
325 2370 417 2432 quam
450 2352 553 2434 gratae
582 2351 670 2416 nobis
697 2352 818 2416 litterae
846 2354 917 2415 tuae
945 2351 1068 2426 suerint,
1097 2369 1168 2414 cum
1195 2353 1226 2413 et
1253 2369 1306 2414 eos

191 2474 259 2520 esse
282 2473 486 2538 compressos,
510 2456 564 2537 qui
582 2456 809 2520 sanctissimam
826 2456 928 2540 legem
945 2454 1084 2520 tumultu
1107 2457 1139 2518 et
1156 2455 1307 2520 seditione

139 2595 175 2634 20
191 2561 388 2639 miscuerant,
416 2565 448 2626 et
474 2580 623 2626 annonam
650 2561 821 2626 communis
849 2560 987 2625 omnium
1013 2561 1129 2642 patriae
1155 2559 1307 2642 paulatim

191 2666 222 2730 in
246 2668 362 2732 statum
384 2667 550 2751 p1istinu1n
572 2667 671 2731 redire
694 2667 833 2748 coepisse
855 2669 988 2730 testatae
1011 2669 1093 2730 sunt.
1160 2665 1215 2728 sed
1232 2665 1308 2729 haec
1331 2677 1350 2738 2

192 2772 414 2855 propemodum
441 2792 499 2838 non
527 2775 689 2854 stupemus
715 2773 748 2837 in
774 2775 860 2848 noto;
888 2771 983 2836 talem
1011 2772 1091 2836 enim
1113 2774 1144 2836 te
1166 2770 1307 2834 futurum

193 2897 261 2942 esse
291 2878 567 2960 praesumpsimus,
599 2897 671 2942 cum
703 2877 905 2941 detulerimus
935 2877 998 2941 tuis
1028 2877 1146 2941 meritis
1175 2876 1308 2957 praelec-

192 2986 303 3062 turam,
328 2984 452 3066 qualem
474 2985 580 3053 statim
602 2984 634 3046 in
658 2982 929 3047 administrationis
961 2982 1091 3045 exordiis
1123 2980 1307 3044 inuenimns.

142 3121 175 3162 aa
194 3089 325 3172 denique
355 3109 415 3155 non
445 3108 616 3166 monemus,
650 3090 686 3152 ut
720 3088 852 3151 illustris
889 3088 1056 3151 auctoritas
1092 3089 1147 3149 tua
1183 3085 1308 3148 eandem

193 3194 363 3265 efficaciam
398 3195 655 3276 donationemque
691 3193 869 3258 custodiens
905 3193 1029 3274 penitus
1062 3194 1178 3254 statum
1209 3190 1309 3272 plebis

194 3300 245 3364 uel
267 3300 481 3365 reformatione
503 3291 652 3383 pristinae
674 3297 854 3381 disciplinae
878 3299 929 3362 uel
946 3296 1190 3362 necessariorum
1208 3295 1310 3375 proui-

194 3405 333 3470 sionibus
356 3405 587 3472 commodorum
610 3408 642 3470 et
662 3404 833 3470 modestiae
857 3404 954 3487 gloria
977 3406 1008 3466 et
1029 3403 1117 3467 bonis
1136 3400 1310 3467 securitatis

229 3612 374 3681 dagyuati
398 3594 424 3664 V
474 3614 490 3664 5
507 3611 754 3678 interpretatioibns
777 3611 804 3664 V
870 3611 1037 3680 relinquatur
1053 3609 1085 3672 V,
1105 3626 1136 3662 ur
1154 3609 1310 3676 eapuaeite

196 3701 212 3752 6
229 3701 302 3770 pacis
325 3699 356 3763 V,
375 3716 441 3754 corr.
461 3700 555 3769 Meyer
608 3701 623 3752 7
642 3700 713 3752 ciues
736 3699 766 3762 V,
786 3715 853 3753 corr.
872 3699 940 3754 Bar.
994 3699 1024 3752 11
1045 3697 1073 3751 id
1091 3697 1127 3751 V:
1145 3697 1168 3749 is
1185 3696 1229 3749 uel
1247 3694 1311 3764 qnid

195 3789 295 3858 Meyer,
315 3789 359 3842 uel
376 3789 445 3843 Bor.
517 3794 587 3860 qnod
605 3791 711 3859 Meyer:
730 3789 775 3857 qui
798 3787 824 3840 V

230 3877 279 3930 10.
297 3876 365 3930 Dat.
385 3877 528 3945 aliquanto
540 3882 606 3945 post
623 3892 661 3945 ep.
681 3877 707 3928 8.
755 3875 808 3928 Ed.
823 3875 891 3928 Bor.
904 3874 942 3928 ad
956 3890 981 3928 a.
996 3876 1062 3939 369,
1079 3876 1103 3927 5.
1141 3873 1173 3925 15
1189 3869 1310 3924 olibrium

198 3947 239 4034 pu.
262 3965 288 4018 V
322 3964 354 4019 18
374 3950 440 4034 grae
456 3966 500 4031 (=
518 3965 630 4033 gratiae)
651 3963 681 4028 V,
701 3980 768 4017 corr.
787 3964 856 4018 Bar.
909 3962 1009 4015 fuerint
1027 3960 1185 4016 cecinerunt
1203 3975 1269 4013 corr.
1288 3958 1314 4011 V

199 4052 415 4123 a1sintMeyer
501 4053 534 4106 25
554 4052 673 4123 denaque
696 4051 727 4118 V,
746 4067 848 4107 corae
919 4051 997 4118 1‘1(=
1016 4054 1080 4115 non)
1104 4048 1139 4102 V:
1160 4065 1206 4100 nos
1223 4047 1313 4115 inepte

200 4141 264 4194 Bor.
318 4141 350 4192 27
370 4140 583 4194 reformationem
605 4141 638 4203 V,
657 4157 722 4194 corr.
742 4140 835 4207 Meyer

1210 4242 1241 4293 4*
