2904 4672
167 237 229 300 118
407 232 505 287 Leonis
522 233 544 288 1.
564 233 597 288 de
615 232 693 288 rebus
710 232 897 290 Alexandrinis
918 235 1049 306 epistulae

166 427 334 512 agentibus
371 430 474 511 aperte
506 426 544 490 ab
574 427 801 491 haereticorum
831 429 1034 511 peruersitate
1068 430 1202 497 liberata
1238 436 1296 510 est,

121 549 142 613 4
165 534 314 599 letalibus
340 534 455 598 iterum
483 532 615 598 obnoxie
642 533 684 597 sit
710 535 849 600 uenenis.
917 533 1006 599 uides
1030 541 1147 616 autem,
1173 557 1297 604 uenera-

165 640 238 706 bilis
264 641 442 724 imperator,
471 641 504 704 et
531 638 691 704 euidenter
718 639 872 724 agnoscis,
902 640 985 722 quod
1017 641 1049 705 in
1080 661 1225 724 persona,
1258 645 1295 709 de

167 746 258 811 cuius
282 745 456 812 abscisione
479 745 594 828 egitur,
616 764 678 810 non
702 747 770 810 sola
792 749 842 810 est
863 745 935 811 fidei
954 746 1117 830 integritas
1135 748 1295 815 intuenda.

168 871 246 934 qnae
269 852 392 917 etiamsi
414 851 489 917 ullis
513 850 757 916 correctionibus
780 852 1090 935 professionibusque
1113 855 1242 938 purgari
1264 859 1296 919 et
1324 871 1336 913 s

165 958 196 1023 in
223 959 380 1042 integrum
407 959 528 1023 ualeret
561 957 701 1039 qualibet
728 956 905 1023 conditione
933 959 1068 1037 restitui,
1098 977 1295 1043 nequaquem

164 1066 280 1144 tamen,
308 1083 388 1148 qnae
415 1064 548 1129 sceleste
572 1066 759 1145 cruenteque
784 1064 951 1129 commissa
974 1066 1058 1143 sunt,
1080 1065 1206 1146 possint
1227 1086 1295 1150 pro-

165 1170 317 1236 babilium
344 1170 510 1235 uerborum
536 1169 817 1252 protestationibus
845 1169 972 1248 aboleri,
996 1170 1070 1253 quia
1091 1170 1123 1235 in
1146 1171 1294 1255 pontifice

165 1275 216 1342 dei
243 1295 279 1342 ao
306 1276 437 1340 maxime
463 1278 568 1340 tentae
597 1275 746 1340 ecclesiae
775 1275 935 1344 sacerdote
962 1294 1022 1340 non
1051 1275 1170 1342 sufficit
1197 1295 1292 1343 sonus

164 1382 290 1466 linguae
319 1385 351 1447 et
382 1399 484 1446 sermo
517 1381 671 1446 labiorum
704 1384 737 1446 et
767 1381 847 1446 nihil
877 1381 1013 1465 prodest,
1047 1382 1074 1446 si
1106 1382 1183 1448 deus
1216 1402 1293 1449 uoce
1309 1407 1330 1447 ιο

122 1508 148 1571 5
164 1488 362 1571 praedicetur
392 1491 424 1553 et
453 1505 541 1552 mens
572 1487 605 1551 in
645 1487 807 1570 impietate
848 1487 1051 1553 conuincitur.
1093 1488 1131 1552 de
1172 1490 1290 1554 talibus

167 1595 249 1659 enim
277 1613 333 1677 per
363 1595 539 1677 apostolum
573 1595 699 1658 sanctus
737 1594 866 1676 spiritus
903 1594 1058 1676 loquitur:
1095 1595 1291 1660 habentes

166 1699 339 1784 speciem
358 1699 543 1784 pietatis,
562 1699 760 1764 uirtutem
779 1702 909 1764 autem
928 1699 1013 1765 eius
1033 1700 1290 1783 abnegantes,

165 1805 341 1877 etiterum
375 1806 469 1871 alibi:
509 1807 621 1871 deum
652 1807 909 1890 profitentur
941 1807 1127 1884 se'scire,
1166 1807 1291 1874 factis

165 1914 294 1979 autem
316 1916 474 1997 negant.
497 1912 579 1976 unde
602 1930 675 1978 cum
696 1911 729 1976 in
753 1913 838 1977 omni
861 1912 1011 1977 ecclesiae
1033 1913 1171 1977 membro
1192 1916 1225 1977 et
1247 1913 1326 1980 ino

165 2021 270 2102 tegrae
297 2017 369 2084 fidei
396 2017 512 2082 ueritas
541 2020 573 2082 et
598 2016 750 2082 bonorum
778 2036 907 2100 operum
929 2017 1091 2101 plenitudo
1115 2022 1292 2109 quaeratur,

165 2126 280 2207 quanto
308 2124 408 2209 magis
430 2124 462 2187 in
486 2141 609 2188 summo
632 2122 778 2207 pontifice
802 2123 917 2187 debent
938 2126 1069 2206 utreque
1092 2125 1291 2207 praecellere,

165 2230 239 2313 quia
255 2231 388 2296 alterum
407 2229 473 2294 sine
492 2229 588 2295 altero
607 2247 667 2295 non
685 2232 791 2312 potest
808 2247 881 2293 cum
900 2228 1016 2296 Christi
1034 2246 1159 2312 corpore
1178 2228 1292 2293 babere

121 2356 141 2420 6
164 2340 369 2420 compagem?
436 2354 493 2400 neo
519 2353 645 2400 necesse
673 2337 723 2399 est
748 2353 829 2399 nunc
853 2335 965 2413 omnia,
989 2353 1068 2416 quse
1091 2334 1292 2398 Timotheum

165 2442 383 2507 exsecrabilem
408 2440 538 2518 faciunt,
566 2459 712 2518 enarrare,
742 2458 814 2505 cum
846 2440 972 2522 copiose
1001 2443 1094 2522 etque
1125 2439 1292 2504 manifeste
1307 2471 1330 2511 u

162 2547 195 2612 in
222 2547 320 2613 totius
348 2547 456 2611 mundi
483 2547 638 2623 notitiam,
666 2565 745 2628 quae
771 2565 826 2629 per
851 2546 957 2629 ipsum
979 2564 1016 2612 ac
1037 2548 1163 2629 propter
1184 2545 1291 2628 ipsum

165 2655 239 2718 sunt
269 2656 368 2738 gesta,
400 2654 607 2736 processerint
640 2655 681 2728 et,
714 2653 742 2718 si
775 2652 849 2735 quid
880 2653 919 2718 ab
951 2653 1157 2734 incomposito
1190 2655 1290 2739 uulgo

164 2762 271 2826 contra
299 2759 454 2826 iustitiam
486 2763 696 2844 perpetratum
730 2761 789 2838 est,
821 2749 852 2823 in
886 2759 980 2825 huius
1007 2758 1112 2824 omniu
1137 2760 1291 2825 uerticem

122 2887 140 2949 7
165 2867 330 2946 confluant,
356 2865 631 2931 cuiusdesideriis
649 2884 764 2935 manus·
779 2865 949 2930 furentium
968 2864 1153 2929 seruierunt.
1208 2865 1291 2931 uude

67 3000 70 3005 ·
165 2973 193 3038 si
220 2973 315 3038 etiem
340 2973 372 3036 in
400 2971 593 3056 professione
620 2971 691 3036 fidei
720 2971 798 3035 nibil
824 2971 875 3035 hic
903 2971 1063 3054 neglegat,
1088 2969 1167 3034 nibil
1189 2970 1289 3049 fallat,
1307 3000 1331 3042 su

164 3078 361 3162 aptissimum
384 3077 501 3162 gloriae
522 3079 646 3142 uestrae
670 3079 720 3141 est
741 3077 779 3141 ab
802 3076 861 3140 boc
885 3076 1031 3164 appetitu
1046 3075 1138 3140 illum
1160 3095 1290 3159 prorsus

165 3185 337 3264 excludere,
369 3183 442 3266 quia
473 3184 505 3248 in
533 3185 639 3248 tantae
670 3182 756 3247 urbis
788 3180 929 3247 antistite
952 3181 1113 3247 uniuersae
1137 3182 1289 3252 ecclesiae

253 3323 286 3377 12
304 3322 372 3378 Tim.
390 3322 419 3377 Π
437 3322 462 3384 3,
481 3323 498 3376 5
552 3323 584 3376 14
602 3321 656 3376 Tit.v
676 3321 699 3380 1.
720 3322 753 3381 lc

199 3423 216 3476 2
240 3435 366 3474 omnoxes
388 3419 420 3483 V,
439 3433 540 3476 corno
647 3417 741 3472 uidens
764 3417 795 3482 V,
814 3433 880 3471 coer.
900 3435 914 3469 a
1002 3418 1020 3471 4
1044 3416 1205 3472 abscissione
1224 3415 1287 3470 Sur.
1343 3430 1344 3433 ’

164 3510 181 3564 5
199 3506 408 3580 professionibus
427 3523 482 3576 que
502 3507 528 3559 V
591 3508 606 3559 7
626 3509 788 3576 cruentaque
811 3506 842 3571 V,
862 3521 963 3560 corae
1047 3509 1161 3576 possunt
1180 3505 1207 3572 9⁸³
1224 3503 1287 3558 Sar.

164 3599 181 3653 9
200 3597 243 3652 dei
263 3613 295 3651 so
316 3595 424 3667 Qum:
444 3593 477 3649 de
495 3593 547 3649 bae
569 3593 595 3648 V
679 3594 818 3649 sacerdote
841 3594 871 3659 V,
891 3610 957 3648 corr.
977 3590 1004 3664 p²
1083 3592 1115 3646 15
1134 3593 1241 3660 integre
1264 3591 1289 3644 V

166 3687 199 3741 17
217 3689 329 3756 utraque
348 3702 374 3737 o:
394 3686 493 3758 uerafp
516 3683 542 3737 V
591 3683 766 3738 sinistram
781 3681 817 3736 V:
836 3683 943 3736 etiamsi
963 3682 1059 3752 Quota.
1112 3681 1147 3735 27
1165 3680 1285 3733 lllfaneti·

164 3774 229 3828 stite
246 3775 325 3844 (eros.
345 3776 368 3839 s)
392 3773 423 3836 V,
442 3788 509 3826 corr.
529 3789 546 3822 α
614 3770 756 3824 uniuersae
774 3769 902 3824 ecclesiae
919 3768 1035 3823 Hortel:
1057 3769 1183 3822 uniuersa
1202 3766 1284 3820 eccle·

165 3862 220 3917 siae
242 3860 275 3926 V,
292 3861 445 3916 uniuersam
463 3858 600 3915 ecclesiam
620 3878 643 3929 p,
661 3859 787 3912 uniuersas
805 3857 932 3912 eeclesiae
944 3855 1093 3919 <membra>
1108 3854 1204 3926 Quesa.
1218 3859 1284 3908 reete

164 3949 222 4005 eius
239 3947 338 4013 codicis
354 3946 444 4002 cerdis
459 3946 608 4010 intellectis,
626 3962 659 4000 ex
676 3961 728 4014 quo
747 3942 845 3998 Suetus
861 3942 1017 3998 renidentis
1036 3941 1253 3996 additamentum
1265 3955 1284 3992 o

164 4037 275 4093 cadite
295 4052 353 4090 noa
375 4035 540 4104 distingueres
561 4033 632 4088 orcle
653 4032 738 4088 edidit
761 4034 887 4086 uniuersa
908 4031 1035 4086 ecclesiae
1057 4029 1165 4084 uidetur
1183 4028 1282 4092 deesse,

155 4126 283 4200 *membra
300 4125 377 4197 deget
393 4129 440 4181 etc.
