2904 4672
198 263 262 328 476
544 255 627 311 Gesta
645 255 678 309 de
697 253 864 310 absolutionc
882 254 979 309 Miseni

198 453 357 536 decipulas
382 448 658 515 circumuentionis
681 447 814 531 optendo
841 466 898 512 nec
925 448 956 512 in
984 466 1173 530 quemquam
1200 447 1335 512 calami-

197 560 273 624 tatis
304 577 393 623 meae
425 557 537 622 studeo
570 555 735 620 transferre
767 555 943 632 discrimen,
971 553 1044 636 quia
1071 553 1149 619 alios
1182 553 1334 619 incusare

197 685 257 732 non
281 665 388 742 debeo,
408 663 462 746 qui
484 680 611 745 poscam
636 661 805 725 clementer
827 660 960 728 absolui.
988 659 1107 725 sufficit
1127 659 1219 736 mihi,
1244 661 1332 742 quia.

196 771 272 836 licet
298 769 377 834 mihi
404 788 460 852 pro
487 787 558 832 mea
584 763 763 832 defensione
791 766 870 831 nihil
896 765 1044 844 adferam,
1073 784 1133 831 non
1166 765 1330 851 ambigam

153 881 172 946 7
195 881 299 942 tamen
322 877 399 941 haec
423 875 528 940 omnia
549 879 604 938 tuo
628 873 744 938 iudicio
767 892 837 938 esse
859 872 1029 938 tractanda.
1050 874 1175 944 tantum
1198 891 1330 954 quaeso,
1364 896 1376 936 s

196 987 234 1047 ut
256 1001 422 1066 supernam
445 978 690 1045 misericordiam
715 980 952 1061 subsequentes,
972 997 1050 1061 quas
1068 977 1253 1062 pronuntiat
1274 997 1332 1059 pen·

196 1089 397 1172 prophetamz
430 1087 514 1150 nolo
547 1087 700 1150 mortem
732 1085 940 1162 morientis,
973 1083 1087 1149 donec
1111 1086 1330 1149 reuertatur

197 1196 233 1260 et
255 1194 373 1268 uiuat,
401 1212 460 1257 uos
488 1193 595 1274 potius
619 1194 742 1268 cuncta,
765 1210 845 1273 quaa
867 1190 898 1255 in
921 1209 1086 1274 personam
1109 1209 1212 1254 meam
1235 1193 1331 1275 gesta

195 1303 279 1378 sunt,
303 1299 438 1384 benigna
461 1297 707 1363 consideratione
730 1296 937 1362 deliberantes
960 1296 1112 1361 uiaticum
1135 1296 1204 1361 seni
1227 1297 1329 1380 aegri-

193 1404 302 1470 tudine
330 1404 478 1470 continua
504 1407 536 1468 et
562 1403 770 1468 maceratione
798 1405 994 1485 consumpto,
1021 1420 1060 1466 ne
1088 1403 1154 1467 sine
1177 1401 1328 1467 ecclesia·
1346 1428 1372 1467 ro

107 1504 112 1519 '
194 1509 273 1575 stico
288 1529 416 1575 munere
429 1510 540 1593 rapiar,
556 1528 616 1574 non
636 1509 768 1593 negotis,
783 1527 819 1573 ex
837 1509 965 1574 alterius
985 1527 1061 1573 casu
1079 1507 1328 1591 experimentum

192 1635 280 1680 meae
302 1614 478 1681 formidinis
500 1616 668 1690 intuentos,
692 1615 747 1697 qui
769 1614 918 1679 auxilium
942 1615 1037 1679 otiam
1063 1613 1155 1678 uobis
1184 1614 1326 1679 conferre

193 1721 374 1786 uolentibus
397 1740 457 1786 non
480 1722 586 1803 potuit
602 1721 745 1805 adipisci.
763 1725 796 1785 et
812 1739 863 1785 me
880 1739 935 1803 per
952 1721 1140 1802 imperitiam
1158 1720 1217 1784 hac
1236 1718 1326 1784 clade

191 1827 299 1910 potius
331 1826 529 1910 implicatum
561 1827 620 1892 hoc
652 1827 756 1908 ipsum
789 1825 954 1910 dignanter
990 1824 1136 1901 ostendit,
1168 1823 1254 1907 quod
1286 1824 1327 1890 ad

192 1932 379 2014 receptionis
407 1933 640 1998 ecclesiasticae
673 1935 833 2017 superstes
865 1932 996 2015 gratiam
1025 1931 1112 1995 ualui
1137 1932 1370 2013 peruenire'.1n

149 2050 168 2114 8
237 2039 305 2121 Quo
341 2041 425 2105 lecto
459 2038 606 2106 Gelasius
644 2041 811 2122 episcopus
844 2039 937 2104 dixit:
1004 2036 1200 2102 ‘Politorium
1233 2039 1327 2122 gesta

191 2145 381 2211 retinebunt’
406 2149 439 2211 et
465 2145 594 2211 adiecit:
627 2146 705 2228 ‘ipso
732 2163 814 2210 nunc
840 2145 983 2210 Misenus
1011 2143 1159 2209 adueniat
1184 2145 1217 2207 et
1243 2144 1327 2225 peti-

192 2251 307 2316 torium
324 2250 408 2334 quod
422 2252 538 2318 obtulit
555 2252 623 2336 ipso
642 2253 806 2335 prae'sente
824 2251 993 2317 recitetur‘.
1013 2267 1146 2331 cumque
1158 2248 1325 2333 ingressus

191 2356 316 2435 fuisset,
340 2357 481 2423 Misenus
504 2360 681 2440 prostratus
708 2357 739 2421 in
772 2360 855 2423 terra
885 2356 971 2422 alind
1001 2352 1184 2439 petitorium
1207 2354 1327 2421 obtulit

193 2466 225 2527 et
245 2464 381 2548 rogauit,
405 2466 443 2528 ut
465 2464 688 2547 susciperetur.
718 2482 852 2545 cumque
876 2464 1060 2544 susceptum
1082 2461 1206 2538 fuisset,
1233 2459 1326 2526 Gela·
1344 2485 1370 2525 ao

192 2567 259 2632 sius
293 2568 461 2651 episcopus
493 2568 586 2633 dixit:
624 2570 766 2651 ‘utraque
797 2567 953 2651 petitoria,
982 2587 1062 2650 quae
1094 2567 1221 2644 obtulit,
1252 2568 1324 2650 ipso

192 2692 316 2755 quoque
339 2678 501 2757 praesente
523 2674 690 2760 legantur’.

279 2986 294 3039 1
312 2984 408 3046 Enoch.
430 2985 470 3048 18.
489 2987 524 3041 82

228 3174 362 3231 lobiend
379 3178 406 3230 Β
486 3178 630 3232 clamitatis
649 3180 676 3232 Β
764 3181 937 3236 2studioV
1014 3181 1077 3252 quia
1095 3181 1162 3235 alios
1179 3197 1265 3248 amque
1284 3182 1326 3236 ad

190 3264 291 3318 sufficit
307 3264 374 3319 mihi
391 3265 431 3318 B:
450 3265 550 3320 om.V
617 3268 680 3337 quia
698 3267 783 3322 Bar„-
805 3270 851 3339 qui
868 3269 895 3322 Β
949 3260 1090 3341 3’pquam
1107 3269 1142 3332 Β,
1161 3284 1231 3323 corr.
1250 3268 1323 3323 Bar.

190 3352 291 3407 sufficit
307 3353 374 3406 mibi
393 3353 525 3408 del.Bar.
580 3356 644 3425 quia
666 3355 701 3409 V:
721 3373 775 3426 qua
792 3356 819 3409 Β
872 3358 975 3412 4mihi
992 3357 1083 3412 om.V
1130 3344 1266 3412 5iudioio
1284 3359 1336 3413 Vt*

191 3439 299 3495 dileetio
317 3439 344 3492 B
425 3457 506 3509 queso
526 3445 554 3496 et
570 3459 686 3512 superna
704 3461 764 3498 men
782 3445 962 3515 subsequente
981 3462 1035 3515 qua
1051 3446 1078 3499 Β
1166 3447 1182 3500 6
1201 3463 1323 3515 pronun·

191 3527 312 3582 ciantV
362 3528 510 3599 8persona
526 3533 626 3585 meaB
680 3533 778 3586 9sunt
795 3535 835 3587 B:
853 3535 965 3588 suntin
982 3535 1037 3588 sint
1054 3533 1168 3589 corr.V
1219 3534 1322 3588 libran-

189 3621 231 3671 tes
249 3617 277 3670 Β
343 3617 416 3670 uitia
434 3627 492 3671 cuin
510 3619 537 3671 Β
608 3621 683 3673 senii
701 3621 852 3690 egritudine
874 3621 906 3686 V,
925 3623 983 3677 seni
1002 3622 1188 3692 egritudiniB
1245 3623 1279 3676 10
1294 3626 1325 3676 et

190 3721 240 3760 om.
265 3704 289 3755 V
339 3705 518 3760 ecclesiastico
537 3724 644 3761 munere
662 3707 699 3762 V:
717 3709 910 3765 eoelestiastieo
929 3727 1066 3764 commune
1084 3710 1119 3774 B,
1139 3710 1326 3766 ecclesiastica

190 3795 374 3848 communione
393 3793 462 3847 Bar.
510 3796 541 3849 11
561 3797 662 3865 negitis
679 3798 707 3851 Β
774 3799 967 3868 exprimentum
985 3799 1012 3852 Β
1058 3800 1091 3852 12
1107 3797 1279 3853 fortitudinis
1298 3801 1326 3853 V

192 3883 224 3937 13
241 3881 367 3951 indipisci
385 3883 412 3935 Β
483 3900 513 3937 ac
531 3884 606 3938 clade
628 3883 655 3938 V
706 3886 739 3939 14
756 3887 943 3957 impleocatum
961 3888 989 3941 B
1059 3888 1117 3957 ipso
1135 3889 1205 3944 Bar.
1279 3889 1323 3942 in·

191 3968 333 4039 dignanter
349 3971 376 4023 Β
447 3970 581 4026 ostendite
604 3973 656 4026 VB
673 3974 753 4038 Bar,
772 3990 839 4029 corr.
858 3974 965 4030 Fronto
982 3976 1113 4031 Ducam
1171 3978 1205 4031 14
1219 3992 1259 4044 sq.
1275 3977 1324 4031 ad·

190 4058 319 4127 reptionis
338 4057 434 4199 BVlb
453 4061 568 4128 supertis
586 4060 614 4113 Β
651 4062 684 4115 16
703 4061 775 4132 quod
791 4063 819 4116 B
855 4064 888 4116 19
905 4067 1004 4117 terram
1021 4063 1050 4116 Β
1085 4064 1119 4118 20
1137 4069 1282 4134 susceptus
1296 4066 1325 4118 B

190 4147 224 4199 22
242 4147 348 4215 legatur
