2904 4672
622 225 709 298 Epist.
727 213 822 280 Lxxv
841 229 918 281 υ-ο,
1268 229 1329 292 νυν

204 432 268 495 πῶς
302 421 335 484 δέ
367 422 418 483 καί
451 413 534 484 αύτοί
567 415 595 482 οί
624 417 792 503 Χριστιανοὶ
824 420 967 489 δύνανταιι
991 424 1085 484 πιστοί
1109 423 1259 506 τυγχάνειν
1291 417 1332 504 μή

205 527 390 597 ἀνατιθέντες
418 533 459 608 τῷ
491 528 607 610 σταυρήν
636 526 668 586 τύ
690 533 742 587 τοῦ
757 522 885 608 Χριστοῦ
909 522 1019 611 ύνομα;
1043 523 1201 596 ἀκούοντες
1223 525 1278 606 γὰρ
1301 519 1328 584 οἱ

205 630 320 696 ἄπιστοι
341 630 413 693 θεὸν
444 626 593 691 ἀθάνατον
624 625 662 689 δι’
689 624 770 713 ήμᾱς
801 631 1009 712 σταυρωθέντα
1039 627 1137 713 ἐροῦσι
1167 626 1332 690 σκάνδαλον

204 734 277 800 εἶναι
306 737 338 798 τύ
368 741 518 798 πιστεῦσαι
540 730 657 816 Χριστῖμ
681 728 930 818 ἀποστρεφόμεναι
950 736 1001 797 καί
1023 733 1164 814 λέγοντες·
1190 729 1239 815 ,οἱ
1266 730 1333 793 θεοί

171 857 185 896 ⁵
205 837 291 926 ήμῶν
314 837 343 901 οἱ
365 841 446 922 παρὰ
467 848 528 908 τοῖς
549 834 735 920 Χριστιανοῖς
756 837 892 921 κίβδηλοι
907 832 988 908 ύντες
1004 834 1149 900 ἀθάνατοι
1163 831 1235 920 παρ’
1247 832 1332 920 ήμιῦν

206 941 441 1027 ἀναγορεύονται,
464 944 514 1004 καὶ
536 949 600 1027 πιῦς
622 935 638 1002 δ
662 935 757 1002 αύτῦν
779 941 852 1012 θεὸς
876 942 1027 1012 ἀθάνατος
1051 937 1090 1003 ὢν
1114 938 1218 1015 ἔθανε;
1243 939 1333 1023 δήλον

205 1044 249 1111 ὅτι
270 1047 381 1130 ψευδής
402 1041 422 1130 ή
441 1041 531 1130 ήήσις
555 1040 637 1129 αύτη·
662 1041 687 1106 εἰ
709 1047 764 1128 γὰρ
788 1042 942 1127 ἀπέθανεν,
967 1041 1062 1108 ούκέτι
1090 1042 1244 1119 ἀθάνατος
1264 1037 1333 1105 ούδέ

202 1138 328 1237 ἶσχυρύς
358 1147 437 1213 ἀλλά
467 1146 599 1232 ἀσθενής
632 1157 684 1232 τής
718 1145 887 1238 ἀθανασίας
919 1149 1069 1233 τραπείςίί.
1104 1143 1163 1234 ούχ
1193 1143 1273 1211 ούτοι
1302 1146 1376 1210 δέ3

206 1258 295 1341 μύνον
318 1252 469 1317 ἀλλὰκαὶ
491 1254 644 1343 θεοσεβεῖς
666 1255 716 1314 καί
737 1248 806 1337 ήμῖν
830 1249 983 1337 ύμύπιστοι
1005 1253 1137 1325 λέξουσιν
1160 1249 1205 1325 ἀν·
1232 1244 1333 1327 ,,ούτοι

160 1379 185 1418 νο
203 1362 401 1443 θεοπασχῐται
419 1360 473 1421 καί
495 1351 564 1443 ούχί
578 1354 744 1441 Χριστιανοί
767 1355 829 1433 είσι,
847 1353 1007 1442 Μανιχαῖοι
1021 1359 1073 1420 καί
1086 1353 1143 1421 ούκ
1159 1353 1323 1440 ύρθύτομοι

202 1462 363 1547 τετραδῑται
383 1464 434 1526 καί
456 1457 490 1525 ού
511 1460 665 1545 τριοίδοξοι,
688 1455 911 1545 Εύτυχιανισταί
929 1463 981 1527 καὶ
1004 1455 1059 1525 ούκ
1080 1458 1246 1544 ύρθύδοξοι,
1261 1452 1333 1522 Νε-ν

205 1569 351 1651 στοριανοί
369 1569 420 1632 καί
442 1561 477 1629 ού
500 1565 713 1651 φιλύχριστοιίί.
738 1563 763 1627 εί
786 1565 818 1625 δέ
847 1585 889 1635 τις
918 1566 967 1627 τύν
991 1562 1035 1628 ἐπὶ
1062 1572 1189 1648 σταυροῦ
1206 1583 1332 1647 ,κρεμα-
1357 1564 1377 1626 4

205 1672 314 1734 σθέντα
336 1668 458 1734 ἀκούσει
478 1667 604 1753 Χριστὸν
628 1666 743 1753 Ἰησοῦν
768 1667 848 1744 εἶναι,
873 1667 906 1740 ὃς
928 1669 979 1753 τήν
1001 1669 1112 1754 θνητήν
1127 1664 1212 1754 ήμιῦν
1236 1670 1333 1760 σάρκα

203 1776 340 1861 χρισθείς
362 1773 568 1861 φιλανθρωπία
582 1770 708 1857 Χριστὸς
732 1771 853 1845 είκύτως
875 1773 1065 1857 κικλήσκεται
1087 1773 1143 1856 (διύ
1165 1776 1215 1835 καί
1232 1770 1333 1834 ἐσταύ-

159 1903 185 1944 ιο
207 1898 305 1962 ρωσαν
335 1872 432 1959 αύτύν,
456 1875 488 1938 δν
505 1873 663 1959 ’ἐλπίζομεν
693 1871 735 1938 ύτι
765 1871 851 1950 αύτύς
875 1875 948 1940 ἐστιν
972 1873 988 1940 ὁ
1012 1877 1128 1963 μέλλων
1150 1876 1331 1961 λυτροῦσθαι

203 1982 252 2043 τὸν
277 1977 423 2064 Ἰσραήλ),
453 1983 518 2042 τύτε
550 1981 646 2043 πεσύν
677 1977 723 2042 ἐπί
753 1983 910 2064 πρύσωπον
940 1979 1007 2063 ἐρεῖ·
1032 1978 1135 2063 ,κάγὼ
1158 1976 1332 2064 Χριστιανὸς

207 2083 273 2170 είριι,
295 2086 420 2148 πιστεύω
444 2071 486 2155 είς
509 2082 540 2145 ὃν
562 2086 611 2147 καί
634 2077 714 2146 ούτοι
736 2081 927 2148 ἐπίστευσανίί
956 2088 1007 2149 καί
1038 2086 1262 2168 πιστευθήσεται
1282 2085 1333 2147 καί

203 2191 241 2251 τὰ
270 2190 354 2272 πάθή
385 2191 435 2251 καὶ
456 2183 475 2274 ή
499 2189 605 2272 θνήσις
633 2193 684 2247 τοῦ
715 2189 854 2271 σώματος
884 2183 984 2251 αύτοῦ.
1013 2191 1064 2251 καί
1092 2190 1147 2270 ράρ
1177 2183 1225 2249 διά
1246 2195 1331 2249 τοῦτο
1354 2186 1381 2247 5·
1428 2237 1429 2240 ι

205 2291 353 2377 πλείσταις
383 2290 542 2375 λοιδορίαις
573 2289 689 2385 ἐβλήθή
720 2295 801 2376 παρά
822 2303 879 2356 τῶν
908 2289 1036 2356 ἀπίστων
1059 2289 1078 2378 ή
1102 2291 1130 2354 ἐν
1161 2289 1321 2376 Χαλκήδύν

156 2427 183 2466 20
203 2405 260 2474 τῶν
289 2381 334 2480 χλ
359 2400 491 2479 πατέρων
521 2393 684 2478 ύρθύδοξος
712 2401 813 2479 πίστις,
838 2394 880 2461 ύτι
902 2396 981 2462 εἷπον
1003 2400 1057 2461 δύο
1080 2399 1181 2484 ιρύσεις
1204 2394 1276 2458 εἶναι
1298 2393 1327 2458 ἐν

203 2506 243 2583 τῷ
267 2497 394 2582 Χριστῷ,
418 2503 485 2583 μίαν
507 2499 643 2583 παθρτήν
665 2502 777 2585 θνητήν
800 2498 908 2586 ύρατήν
930 2525 960 2565 τε
975 2505 1025 2565 καὶ
1040 2499 1163 2588 έπαιρον,
1178 2497 1241 2585 ήτις
1256 2498 1325 2563 ἐστίν

201 2599 222 2689 ή
245 2599 316 2687 σάρξ
336 2598 432 2688 ήμῶν,
454 2605 505 2665 καί
527 2606 594 2689 μίαν
618 2601 722 2688 ἀπαθή
739 2602 887 2669 ἀθάνατον
903 2604 1028 2689 ἀόρατον
1044 2603 1248 2693 ἀψήλάφητον,
1263 2600 1327 2688 ήιις

203 2703 311 2793 ἐστίνή
328 2715 379 2769 τοῦ
394 2709 468 2769 θεοῦ
485 2703 633 2791 ἄχραντος
648 2709 741 2793 φύσις.
786 2711 822 2771 τὰ
839 2706 963 2793 ἑκάτερα
978 2705 1028 2772 ούν
1052 2707 1080 2771 έν
1104 2719 1144 2791 τῖρ
1156 2706 1272 2791 Χριστίρ
1288 2707 1322 2768 δε
1355 2709 1373 2771 6

200 2807 282 2897 ήροίς
298 2807 460 2895 ὁμολογεῖν,
477 2805 517 2878 ύνν
530 2823 567 2897 πή
583 2808 684 2874 ένύσει
698 2813 738 2897 μή
756 2812 815 2896 δι’ρς
831 2813 977 2875 διάστασιν
995 2813 1070 2898 μηδὲ
1085 2818 1177 2898 τὲμής
1191 2815 1239 2874 τίν
1255 2813 1327 2873 θεύν

153 2945 182 2987 2⁵
203 2913 261 2979 ἀπύ
277 2924 330 2999 τῆς
345 2917 456 2997 σαρκύς
478 2919 528 2978 καί
550 2911 583 2979 ού
608 2919 778 3002 μωραθήσνρ
801 2912 1009 3002 Νεστοριοινύς,
1034 2918 1108 3002 μηδὲ
1131 2919 1162 2979 τύ
1187 2917 1327 3000 διάρορον

171 3058 173 3062 =
202 3017 358 3103 ἀπαρνήσῃ
370 3027 424 3081 τῶν
438 3027 488 3082 τοῦ
498 3018 626 3103 Χριστοῦ
643 3022 757 3107 φύσεων
772 3024 823 3084 καί
836 3017 895 3107 ούχ
916 3017 1127 3106 ύποπτευθήσή
1150 3017 1333 3104 Εύτυχιανι-ἰ

204 3123 274 3207 στής
298 3120 381 3204 εἶναι,
401 3126 452 3185 καί
474 3122 514 3206 μή
538 3128 670 3209 συγχέῃς
694 3127 765 3188 θεὸν
794 3128 907 3209 σαρκὸς
929 3123 1038 3188 πάθεσι
1059 3128 1109 3188 καί
1132 3121 1166 3188 ού
1189 3127 1329 3212 λεχθήσή

237 3671 389 3728 ύέποιθείι
454 3672 573 3744 δηλονότι
592 3675 628 3744 gh
670 3675 778 3747 ’ίρήσις
798 3692 841 3729 eo:
860 3675 940 3748 κρίσις
960 3677 1011 3746 agh
1054 3679 1085 3732 10
1105 3678 1243 3749 ὸρθοτύμοι
1262 3681 1328 3750 agh:

201 3759 338 3832 δρθύδοξοι
356 3779 387 3814 eo
444 3761 473 3815 11
494 3759 629 3831 δρθύδοξοι
647 3765 714 3834 agh:
733 3761 872 3834 δρθύτομοι
891 3781 922 3818 eo
984 3767 1015 3820 13
1034 3764 1122 3837 ἰησοῦν
1143 3783 1201 3820 aeo:
1223 3784 1272 3824 om.
1293 3769 1329 3838 gh

204 3848 237 3902 14
255 3847 419 3919 κικλήσκεται
436 3848 502 3918 agh:
522 3846 644 3921 κέκληται
662 3868 693 3905 eo
759 3853 789 3906 18
808 3851 825 3922 ή
846 3869 877 3906 εκ
896 3852 909 3904 ὃ
928 3868 995 3909 corr.
1015 3871 1120 3907 oman.
1140 3858 1159 3908 2
1220 3857 1254 3910 20
1274 3855 1328 3917 ἑξα-

200 3933 295 3988 κοσίων
314 3934 450 4006 τρίακοντα
468 3937 502 3990 ah
591 3939 622 3992 21
643 3936 740 4010 ἔπορον
760 3956 792 3993 ατ
810 3938 908 3993 ἔπαθον
928 3956 997 3997 corr.
1016 3959 1031 3994 ο
1050 3946 1160 3996 mam
1239 3945 1273 3996 24
1292 3943 1328 4014 μή

202 4021 316 4077 δέουοίι
369 4025 402 4079 25
421 4023 457 4095 μή
477 4024 503 4077 δέ
523 4026 580 4089 εοίι,
601 4024 671 4096 μήν
725 4027 758 4081 26
778 4034 822 4079 τοῦ
842 4046 902 4082 aeo:
922 4046 972 4083 om.
992 4031 1027 4100 gh
