2904 4672
162 218 203 284 76
303 217 344 271 De
361 217 404 270 his
422 233 490 286 quae
508 217 580 270 inter
595 216 759 271 Bonifatium
778 219 807 268 et
823 214 959 268 Eulalium
978 217 1055 282 gesta
1074 216 1140 266 sunt

160 429 240 489 mm,
267 429 347 494 qnae
379 429 534 493 sequerer,
561 413 726 493 praecepta
757 409 928 483 uenissent,
959 407 1152 492 perturbatio
1183 406 1286 472 totius

160 516 271 599 plebis,
300 516 437 598 quaein
465 535 498 581 se
526 519 559 580 et
583 516 615 578 in
638 515 812 598 periculum
839 514 979 579 iudicum
1010 514 1155 590 saeuiret,
1179 515 1288 578 exorta

164 625 223 698 est,
251 626 284 686 et
309 622 371 686 nisi
396 622 488 686 celeri
514 640 663 704 responso
693 626 764 685 ante
796 620 877 685 diem
909 620 1117 685 uenerabilem
1149 619 1287 702 paschae

160 727 236 808 quid
263 727 328 792 fieri
355 727 467 792 debeat
492 728 658 804 iusseritis,
682 727 839 790 minantur
861 746 895 791 se
916 726 1025 808 populi
1047 726 1184 790 inuicem
1206 743 1288 808 pug-

160 835 299 910 naturos,
322 833 397 897 dum
419 833 457 897 de
480 833 676 897 Lateranensi
698 832 829 897 basilica
850 834 1033 897 alterutrum
1056 851 1090 896 se
1118 831 1288 896 aestimant
1320 855 1333 892 ⁵

161 938 378 1004 excludendos.
396 958 435 1003 ne
453 938 527 1022 qnid
549 940 647 1023 igitur
670 939 793 1003 aduersi
815 938 913 1021 (quod
936 939 1138 1004 sublimitatis
1161 941 1288 1002 uestrae

160 1043 295 1108 felicitas
322 1045 457 1126 auertat)
484 1045 618 1121 eueniat,
645 1048 718 1127 peto
746 1048 783 1107 ut
810 1043 947 1107 euidenti
975 1046 1140 1126 praecepto
1163 1042 1289 1107 excludi

161 1150 296 1215 furiosae
319 1151 524 1215 contentionis
542 1150 750 1231 periculosam
767 1150 967 1232 pertinaciam
986 1149 1151 1214 censeatis.
1203 1148 1290 1212 Data

163 1255 201 1319 X.
225 1255 296 1321 Kal.
319 1257 418 1338 april.

683 1445 768 1530 (ao.)
1310 1478 1334 1512 ,ο

196 1588 345 1634 Erlsrota
367 1589 520 1634 Inue'srlus
545 1588 664 1635 comm
690 1588 876 1634 corsanum
898 1589 941 1633 AD
965 1588 1149 1634 emnem
1172 1589 1200 1634 P.
1224 1589 1255 1634 U.

206 1693 250 1757 Ut
267 1698 352 1757 certa
367 1693 525 1776 possimus
545 1711 685 1776 quaeque
704 1711 890 1776 cognoscere
910 1697 942 1756 et
958 1692 1128 1757 factionum
1143 1695 1289 1757 auctores

161 1799 246 1863 fideli
272 1799 381 1864 nuntio
408 1801 440 1864 et
465 1799 638 1881 inspectore
665 1817 725 1863 non
748 1798 876 1875 lateant,
899 1799 1116 1863 cancellarium
1143 1801 1289 1863 nostrum

162 1903 305 1969 Uitulum
337 1904 513 1982 direximus,
546 1910 583 1967 ut
613 1904 719 1970 domni
750 1905 953 1970 inuictissimi
988 1904 1136 1987 principis
1173 1904 1289 1969 affatus

162 2014 255 2092 atque
286 2011 437 2075 iudicium
470 2009 509 2075 erl
536 2011 745 2076 eximietatem
772 2013 860 2074 tuam
882 2010 934 2074 uel
957 2010 995 2074 ad
1017 2010 1168 2093 populum
1193 2009 1290 2074 celeri
1310 2023 1333 2063 ¹⁵

120 2115 361 2188 2festinatione
393 2115 534 2193 deferret,
566 2116 707 2200 illudque
739 2135 903 2182 monemus
935 2118 980 2192 ut,
1013 2115 1161 2198 quicquid
1189 2116 1288 2180 sacris

162 2223 398 2288 auctoritatibus
431 2223 615 2304 continetur,
648 2224 735 2288 nulla
764 2222 938 2287 temeritate
969 2222 1119 2308 uioletur
1137 2224 1178 2296 et,
1208 2241 1288 2303 quae

162 2331 324 2411 praecepta
347 2332 430 2405 sunt,
454 2329 578 2393 effectui
601 2330 694 2394 celeri
717 2328 879 2393 tradantur
900 2328 1057 2402 instantia,
1080 2346 1118 2390 ne
1152 2333 1289 2410 nurgusta

163 2434 337 2511 clementia,
365 2433 448 2515 quod
479 2454 561 2499 nunc
593 2435 773 2518 agnoscitur
804 2433 975 2510 distulisse,
1008 2434 1163 2498 commota
1194 2433 1286 2496 maie·

164 2539 254 2604 statis
278 2559 351 2604 suae
375 2541 484 2624 uigore
507 2539 671 2605 emendare
692 2560 753 2606 non
776 2540 906 2604 differat.
1308 2553 1335 2591 ²⁰

257 2874 414 2920 EXEH'LU!
437 2874 598 2919 SACRARU!
621 2874 812 2919 ueremur(
834 2874 876 2918 Al)
901 2872 1086 2917 SYssACHUl
1108 2873 1136 2917 P.
1163 2872 1192 2917 U.

210 2977 288 3043 Cum
307 2979 346 3042 ad
365 2979 535 3043 sanandum
553 2978 670 3062 primae
688 2976 930 3058 perturbationis
954 2995 1085 3042 errorem
1109 2976 1168 3041 hoc
1191 2994 1289 3059 genus

163 3085 286 3150 consilii
312 3085 476 3149 clementia
502 3088 609 3149 nostra
635 3084 821 3166 reparandae
843 3083 930 3165 pacis
954 3082 1068 3166 cupida
1089 3081 1288 3165 repperisset,

163 3193 208 3267 ut,
237 3189 333 3255 donec
361 3190 398 3254 de
426 3189 658 3255 confirmatione
686 3188 795 3253 urbani
818 3187 984 3253 sacerdotii
1008 3187 1163 3252 sententia
1184 3205 1289 3269 proce·
1305 3203 1332 3244 π

162 3295 248 3360 deret
270 3295 423 3373 absoluta,
446 3298 577 3378 uterque
600 3314 718 3372 eorum,
742 3313 874 3376 quornm
897 3311 992 3358 causa
1014 3293 1171 3358 turnultus
1201 3296 1290 3357 antea

162 3401 382 3479 concreuisset,
415 3420 433 3465 a
468 3402 696 3466 sacratissimae
733 3401 818 3465 urbis
855 3400 1088 3466 conuersatione
1124 3399 1288 3464 seiunctus

208 3649 254 3704 30.
290 3650 357 3704 Dat.
373 3651 416 3704 (lic
427 3655 465 3706 29
477 3651 564 3704 Mart.
582 3655 644 3705 419.
706 3652 779 3706 Edu.
793 3652 862 3705 Bar.
877 3651 915 3704 ad
929 3668 955 3704 c.
972 3653 1033 3711 419,
1046 3652 1099 3715 295
1111 3651 1195 3704 Iurat.
1209 3651 1288 3704 Auci.

163 3738 261 3808 Syenen.
280 3742 333 3804 27,·
357 3739 464 3808 Sciopp.
487 3747 512 3795 et
534 3741 599 3794 Par.
619 3742 712 3794 2179.
770 3742 799 3794 ll
821 3744 870 3795 coi
893 3739 919 3793 V
987 3722 1054 3792 srrr'n
1077 3737 1104 3790 V
1156 3739 1286 3792 lacerto

161 3826 317 3881 dulstcnter
332 3828 428 3896 Meyer·
490 3829 522 3883 18
540 3831 657 3898 Augusti
674 3828 743 3883 Bar.
808 3829 840 3883 19
859 3831 988 3882 commoto
1008 3828 1086 3891 Bar,
1104 3827 1168 3894 sort.
1189 3827 1289 3879 rectius

194 3920 241 3969 ar.
276 3914 343 3969 Dat.
358 3917 400 3970 die
411 3919 451 3970 26
463 3916 550 3971 Mart.
567 3920 627 3970 419.
690 3916 766 3971 Ean.
779 3919 849 3972 Bar.
864 3916 903 3970 ccl
916 3932 942 3969 a,
960 3919 1020 3980 419,
1037 3919 1090 3982 39,·
1108 3915 1194 3967 Iuret.
1208 3916 1288 3967 Acct.

160 4001 258 4074 Symm.
277 4007 327 4070 285
350 4005 457 4075 Sciopp.
481 4011 506 4060 et
526 4006 593 4059 Par.
613 4007 644 4058 X
662 4009 710 4077 80.
764 4006 798 4058 22
821 4003 1012 4060 surncuurV
1064 4005 1098 4057 24
1121 4002 1239 4072 cuppida
1266 4000 1292 4054 V

160 4093 192 4146 27
212 4093 390 4161 sacratissima
413 4093 443 4158 V,
462 4109 529 4149 corr.
547 4093 641 4163 Meyer
