2904 4672
230 233 271 295 60
377 230 418 284 De
436 230 478 284 bia
498 246 565 300 quae
583 231 654 284 inter
671 229 838 283 Bonifatium
857 235 884 283 et
902 230 1036 284 Eulalium
1055 235 1133 300 gesta
1152 233 1216 284 sunt

185 422 369 487 dordinare
407 423 588 506 episcopum
623 422 707 488 uelle
744 427 922 505 coeperunt.
990 424 1073 506 quod
1113 424 1168 488 ubi
1209 425 1356 508 comperi,

229 547 348 606 omues,
380 529 434 610 qui
466 529 582 612 pariter
613 531 709 605 erant,
747 529 786 592 ad
821 549 871 593 me
907 533 945 593 ut
979 530 1122 594 uenirent
1157 531 1355 614 presbyteros

228 633 396 717 depoposci
424 653 459 697 ac
485 633 625 698 residens
655 652 726 697 cum
754 634 821 698 uiro
846 635 1018 702 clarissimo
1041 636 1166 700 tribuno
1190 635 1356 701 Sereniano

228 758 282 804 eos
302 739 458 816 admonui,
477 759 516 804 ne
536 739 611 822 quid
628 741 745 802 temere
763 738 831 803 fieri
848 742 1027 822 paterentur
1045 743 1100 805 aut
1121 743 1229 804 contra
1250 759 1357 810 sacrae

227 845 307 929 legis
346 845 484 910 ordinem
520 845 661 909 uenirent
696 847 751 929 aut
787 847 894 909 contra
929 845 1161 910 consuetudinis
1192 845 1356 911 rationem.
1388 867 1400 906 a

229 951 284 1016 sed
302 953 389 1014 tanta
406 950 576 1033 pertinacia
593 950 786 1028 restiterunt,
805 954 842 1014 ut
863 950 897 1013 id
920 951 1003 1033 quod
1025 951 1135 1015 minati
1158 953 1233 1015 sunt
1254 952 1356 1016 facere

228 1056 355 1121 minime
388 1057 575 1121 dubitarent.
616 1075 689 1120 nam
727 1056 821 1119 etiam
852 1056 1069 1139 presbyterum
1100 1057 1294 1121 Bonifatium
1324 1057 1357 1120 in

229 1162 362 1228 ecclesia
383 1161 525 1225 Marcelli
549 1159 753 1226 ordinandum
777 1179 847 1224 esse
871 1160 1023 1226 duxerunt
1046 1164 1138 1244 atqua
1161 1179 1234 1225 cum
1257 1179 1295 1225 eo
1318 1161 1358 1224 ad

185 1271 203 1332 7
229 1269 336 1334 sancti
359 1267 493 1350 apostoli
524 1267 611 1331 Petri
641 1267 804 1339 basilicam
836 1269 1064 1347 processerunt.
1145 1270 1176 1331 et
1208 1265 1357 1349 quoniam

227 1374 356 1456 pietatis
383 1376 507 1438 uestrae
536 1375 584 1436 est
611 1372 648 1437 de
676 1373 733 1436 hac
761 1375 848 1454 parte
875 1373 954 1437 ferro
981 1371 1144 1450 iudicium,
1168 1372 1278 1437 statim
1299 1392 1356 1455 pro
1377 1391 1401 1426 1⁰

229 1480 419 1564 competenti
443 1479 654 1544 sollicitudine
678 1482 815 1543 uestram
837 1478 1037 1543 maiestatem
1058 1478 1175 1543 credidi
1193 1478 1359 1543 consulen-

228 1586 310 1664 dam,
338 1588 375 1650 nt
402 1586 477 1668 quid
504 1585 541 1650 de
569 1585 627 1650 bac
654 1588 742 1668 parte
763 1584 864 1666 pietas
887 1586 994 1649 uestra
1016 1584 1169 1659 dacemat,
1191 1586 1358 1666 praecepto

227 1693 325 1757 uestri
344 1691 481 1756 numinis
500 1691 662 1755 euidenter
683 1691 838 1755 informer.
858 1691 912 1755 diu
932 1690 1023 1767 enim,
1044 1709 1122 1772 quae
1141 1693 1248 1755 contra
1269 1707 1358 1754 reue·

227 1798 360 1863 rentiam
377 1797 571 1862 uenerandae
588 1797 668 1881 legis
691 1796 775 1860 facta
798 1799 873 1860 sunt
894 1796 1072 1860 temeritate
1094 1813 1276 1877 paucorum,
1301 1794 1361 1859 dif-

228 1904 301 1968 ferri
328 1923 388 1969 non
418 1903 572 1980 conuenit,
601 1921 639 1967 na
667 1901 812 1967 tarditate
836 1901 1007 1980 firmentur,
1031 1921 1109 1984 quae
1132 1903 1256 1984 oportet
1277 1901 1361 1965 inter
1379 1915 1403 1953 ¹⁵

186 2010 352 2075 8exordia
374 2010 517 2076 resecari.
585 2011 675 2093 gesta
697 2007 956 2074 acclamationum
978 2009 1097 2091 populi,
1121 2027 1199 2090 quaa
1223 2006 1360 2090 singulis

229 2116 339 2180 diebus
366 2114 473 2180 habita
500 2117 583 2191 sunt,
611 2113 755 2177 relationi
781 2131 868 2178 meaa
901 2112 1033 2189 subieci3
1067 2111 1216 2195 quicquid
1247 2114 1361 2194 postea

230 2224 354 2305 gestum
377 2220 481 2299 fuerit,
505 2239 566 2285 non
589 2218 710 2285 tacebo.
755 2219 837 2283 Data
858 2219 931 2283 IIII.
954 2219 1026 2283 Kal.
1049 2218 1218 2283 Ianuarias.

510 2553 669 2598 sxuurtuu
693 2552 855 2597 SAGRARUI
877 2552 1079 2596 erubueruut.
1381 2576 1408 2614 ,⁰

274 2656 379 2723 (iestis
399 2657 543 2722 omnibus
558 2656 721 2723 recensitis
734 2655 890 2721 laudanda
904 2655 1109 2720 sublimitatis
1123 2656 1195 2718 tuae
1209 2654 1363 2718 relatione

228 2764 398 2846 perclaruit
409 2763 441 2827 in
461 2763 654 2827 ordinatione
672 2762 859 2827 uenerabilis
879 2759 1044 2827 sacerdotii
1063 2760 1202 2843 quietem
1219 2762 1362 2822 ueterem

230 2888 399 2951 paucorum
427 2868 626 2934 insolentiam
654 2871 841 2949 attemptare
867 2867 1019 2932 uoluisse.
1086 2885 1157 2930 nam
1185 2884 1257 2930 cum
1286 2869 1363 2947 post

230 2975 412 3041 abscessum
431 2974 618 3040 uenerabilis
637 2974 697 3038 uiri
716 2974 833 3038 Zosimi
851 2973 933 3038 eirca
950 2973 1097 3038 meritum
1114 2970 1229 3035 Eulalii
1253 2971 1361 3036 ordine

230 3080 419 3164 subrogandi
443 3080 600 3145 communi
622 3079 738 3154 iudicio
763 3079 925 3143 concinens
947 3075 1117 3142 multitudo
1142 3075 1300 3140 sonuisset
1323 3094 1360 3139 ac
1377 3104 1406 3144 aa

228 3187 320 3268 plena
334 3205 407 3270 arga
421 3205 455 3250 se
470 3186 583 3262 omnia,
599 3204 678 3268 quae
692 3184 803 3268 regula
816 3183 987 3248 catholicae
1000 3183 1144 3265 posceret
1162 3180 1358 3262 disciplinae,

229 3292 420 3357 successoris
439 3291 629 3357 confirmatio
649 3291 830 3365 custodiret,
849 3290 1051 3354 uehementer
1067 3287 1218 3351 miramur
1235 3286 1358 3368 aliquos

230 3397 381 3473 extitisse,
402 3399 455 3480 qui
469 3397 679 3462 sollemnitate
694 3398 872 3478 contempta
886 3395 967 3460 circa
985 3394 1207 3459 ordinationem
1227 3391 1358 3455 alterius

187 3513 206 3573 2
229 3503 420 3568 festinarent.
487 3503 520 3566 in
544 3522 678 3585 quorum
701 3500 919 3584 castigandum
941 3501 1060 3564 factum
1083 3495 1359 3562 mansuetudinem

266 3677 282 3729 5
300 3675 425 3733 uenirent
447 3675 483 3729 V:
501 3675 601 3728 inirent
618 3674 721 3728 Hartet
773 3675 790 3727 9
809 3678 873 3727 aete
891 3672 1005 3742 apostoli
1024 3671 1074 3725 dat.
1098 3669 1122 3723 V
1139 3668 1216 3739 pauli·
1263 3669 1297 3722 16
1314 3684 1356 3721 re·

231 3764 314 3816 secari
331 3762 443 3832 Meyer:
468 3762 575 3816 recitari
597 3762 629 3827 V,
648 3762 731 3815 recidi
748 3762 818 3831 Aop.
836 3762 902 3814 Mai
920 3760 1033 3828 (Script
1052 3763 1104 3812 act.
1122 3772 1199 3811 noua
1221 3756 1320 3812 collect.
1338 3755 1361 3808 l

230 3851 281 3920 [ed.
299 3853 328 3920 2]
347 3851 380 3904 P.
399 3851 448 3904 IV
464 3854 483 3904 2
495 3868 527 3919 p.
547 3853 598 3918 44)
655 3851 686 3903 17
705 3849 790 3902 subici
812 3848 844 3911 V,
863 3863 930 3902 corr.
947 3847 1014 3901 Mai

265 3939 313 3994 15.
351 3939 599 3995 Datdie31oa.
620 3939 681 3991 419.
754 3937 828 3990 Edu.
847 3936 915 3990 Bar.
936 3937 975 3989 act
992 3952 1018 3990 a.
1041 3938 1100 4000 419,
1120 3937 1152 4000 2,·
1169 3933 1254 3987 Iuret.
1274 3932 1354 3985 Aac.

230 4026 328 4096 Syram.
347 4044 375 4080 a.
395 4030 448 4094 20,·
466 4026 573 4095 Sciopp.
593 4031 618 4080 et
634 4026 702 4079 Par.
721 4027 751 4079 X
771 4028 816 4081 72.
862 4025 894 4078 21
914 4023 1063 4077 laudandae
1081 4022 1167 4076 Iuret.
1216 4021 1250 4074 22
1269 4035 1354 4073 sacar-

230 4115 302 4170 dotis
319 4116 405 4169 Iurat.
450 4115 484 4168 23
501 4115 647 4169 insolentia
663 4113 695 4178 V,
714 4128 781 4167 corr.
799 4113 884 4166 duret.
938 4112 973 4165 24
992 4110 1129 4164 obsessum
1148 4108 1179 4173 V,
1198 4123 1266 4162 corr.
1285 4107 1354 4159 Bar.
