2904 4672
549 240 635 311 repas.
653 240 788 294 xxxxix
806 241 823 294 2
842 271 875 280 -
893 241 915 294 r,
933 243 958 295 s.
1252 245 1314 310 115

187 432 364 508 minantum
402 451 480 515 quae
510 433 560 497 lex
594 436 643 500 est
676 433 879 517 interrogatio
911 433 1118 500 sacerdotum.
1156 434 1211 499 sed
1243 433 1323 498 dare⁴

187 538 312 603 ueniam
345 538 521 623 dignaberis
552 557 639 603 meae
671 539 819 605 audaciae
849 539 1024 622 paralitatis,
1056 542 1094 603 ut
1124 559 1217 622 supra
1244 543 1315 605 ante
1353 532 1355 538 ’

186 644 307 728 rogaui.
334 644 530 709 incolumem·
553 644 779 709 beatitudinem
805 648 893 710 tuam
921 646 1044 727 meique
1070 665 1240 712 memorem
1270 646 1315 710 in-

186 749 347 814 uiolabilis
369 750 493 815 trinitas
516 751 598 819 tueri
621 751 776 836 dignetur,
800 755 905 817 sancte
927 771 1016 835 papa

155 967 169 1008 e
714 943 798 1028 (50.)
911 1011 912 1014 ,

230 1080 354 1131 zcsrnns
381 1085 513 1132 runnnrc
540 1086 580 1131 nn
608 1085 735 1131 cnrnnrs
764 1085 816 1142 cur
837 1087 873 1134 su
896 1086 1039 1133 concrum
1064 1075 1316 1133 cunnmemnusr

184 1191 372 1238 snrnnncun
390 1191 611 1238 nrnucnrssurrs
630 1191 799 1238 annuemus
817 1192 852 1237 ru
868 1193 984 1239 neuma
1004 1193 1151 1239 urrunnu.
1202 1173 1315 1254 Quam·

183 1279 236 1343 uis
274 1282 397 1362 patrum
438 1278 564 1344 traditio
606 1280 795 1362 spostolicae
836 1279 903 1344 sedi
941 1280 1159 1345 auctoritatem
1196 1282 1315 1344 tantam

184 1384 341 1463 tribuerit,
368 1388 406 1449 nt
433 1386 470 1450 de
498 1385 566 1450 eius
594 1384 711 1451 iudicio
735 1384 909 1469 disceptare
931 1386 1037 1450 nullus
1061 1386 1199 1462 auderet,
1221 1385 1315 1467 idque

140 1511 167 1551 rc
184 1510 242 1573 per
269 1509 402 1556 canones
430 1509 552 1574 semper
578 1492 765 1576 regulasque
779 1492 964 1560 vseruauerit
995 1494 1027 1556 et
1058 1497 1183 1557 currens
1215 1490 1316 1556 adhuc

185 1597 253 1661 suis
279 1597 404 1678 legibus
433 1596 646 1663 ecclesiastica
673 1596 838 1680 disciplina
858 1597 944 1663 Petri
966 1597 1093 1676 ncmini,
1118 1617 1137 1661 a
1159 1616 1219 1679 quc
1246 1597 1316 1678 ipsa

185 1721 309 1784 queque
337 1701 507 1779 descendit,
534 1692 742 1768 reuerentiam
770 1722 863 1784 quam
891 1691 983 1768 debet
1011 1704 1152 1768 exsoluat
1182 1704 1315 1786 (tantam
1339 1704 1358 1766 2

185 1807 268 1873 anim
286 1808 360 1873 hnic
379 1808 520 1890 epcstclc
541 1808 688 1874 canonica
710 1809 880 1891 antiquitas
902 1828 958 1891 per
980 1809 1150 1873 sententias
1178 1808 1317 1874 cmnium

183 1913 288 1978 uclrrit
314 1933 384 1978 esse
410 1914 583 1996 potentiam
609 1934 645 1979 er
671 1915 741 1997 ipse
768 1932 891 1996 queque
915 1912 1031 1978 Christi
1054 1913 1104 1978 dei
1126 1914 1225 1979 nostri
1247 1924 1316 1995 prc.

138 2039 165 2082 re
181 2019 344 2096 missione,
376 2022 413 2082 ut
444 2022 476 2084 et
505 2020 604 2103 ligate
635 2021 772 2085 solueret
799 2025 831 2084 et
858 2020 963 2085 soluta
988 2019 1131 2097 uinciret,
1156 2022 1236 2092 (et)
1261 2037 1317 2102 par

182 2126 352 2210 potestatis
380 2125 453 2192 data
488 2126 624 2191 conditio
656 2127 688 2191 in
717 2145 781 2205 ecs,
812 2127 866 2210 qui
898 2126 980 2191 sedis
1012 2126 1214 2191 hereditatem
1246 2126 1315 2208 ipsc

187 2230 341 2297 adnuente
359 2232 562 2308 meruissent;
582 2233 677 2298 habet
695 2233 776 2297 enim
792 2233 846 2297 ille
866 2251 939 2299 cum
957 2231 1095 2297 emnium
1115 2231 1317 2296 ecclesiarum

186 2340 257 2402 tum
285 2337 379 2402 huius
408 2338 550 2416 manime,
578 2338 633 2403 ubi
663 2339 793 2414 sederat,
827 2357 933 2403 curam
964 2356 1019 2401 nec
1048 2337 1167 2421 patitur
1199 2335 1317 2419 aliquid

186 2443 348 2527 priuilegii
367 2443 515 2508 sustineri
532 2447 588 2508 aut
606 2445 710 2526 aliqua
727 2444 865 2510 titubare
884 2462 959 2509 aura
977 2443 1159 2522 sententiae,
1176 2442 1227 2506 eui
1249 2443 1317 2523 ipse

140 2572 169 2613 sc
188 2549 239 2616 sui
262 2550 396 2614 neminis
418 2549 508 2614 firme
530 2553 562 2613 ct
579 2550 675 2614 nullis
698 2550 837 2621 labentia
858 2547 996 2615 motibus
1019 2549 1183 2614 constituit
1208 2547 1317 2612 funda·

186 2661 294 2721 menta
321 2657 362 2735 et,
388 2675 466 2738 quae
494 2656 559 2720 sine
587 2674 644 2719 suc
667 2656 804 2739 periculc
828 2658 944 2720 temere
969 2655 1075 2720 nullus
1103 2653 1251 2735 incessat)
1273 2689 1316 2699 -

188 2781 261 2826 cum
285 2781 357 2847 erge
382 2766 486 2827 tantae
510 2762 705 2827 auctoritatis
730 2764 761 2827 et
782 2762 895 2826 Petrus
919 2765 1013 2844 caput
1035 2760 1078 2826 sit
1100 2763 1132 2849 et
1155 2759 1318 2842 sequentia
1340 2770 1359 2835 3
1407 2793 1410 2798 ι

188 2869 329 2934 omnium
352 2868 506 2934 maiorum
530 2871 649 2933 statuta
670 2868 871 2944 firmauerint,
891 2867 1007 2932 utiam
1024 2865 1170 2930 humanis
1190 2864 1317 2929 diuinis·

189 2995 251 3057 que
264 2975 388 3059 legibus
403 2974 638 3057 disciplinisque
653 2974 798 3038 cmnibus
812 2972 952 3038 finiretur
960 2973 1131 3036 Romanam
1143 2970 1316 3048 ecetesiam,

281 3141 312 3193 15
332 3140 364 3194 cf.
384 3140 481 3194 Matth.
498 3138 543 3203 16,
565 3139 597 3192 19

228 3246 241 3300 1
260 3247 436 3316 interrogatio
460 3245 485 3298 V
503 3245 548 3314 (cs.
567 3243 633 3314 App.
648 3247 676 3308 2,
695 3247 731 3299 12
747 3244 883 3312 interroga
901 3243 1050 3299 sacerdotes
1067 3242 1175 3311 legemt:
1195 3239 1317 3311 probatio
1342 3256 1344 3260 ⁴

188 3334 276 3402 Bar.,·
292 3340 405 3389 cacum
422 3335 507 3388 uerba
526 3350 594 3403 quac
612 3334 675 3388 lex.
692 3331 879 3386 ‚sacerdotum
895 3332 1027 3402 plessemc
1044 3331 1158 3398 sapiunt
1227 3329 1243 3382 3
1261 3343 1317 3382 me-

190 3439 243 3492 que
267 3422 297 3488 V,
316 3439 383 3477 cerr.
404 3425 429 3493 ρ1

225 3512 276 3567 50.
312 3512 380 3566 Dat.
401 3529 426 3566 a.
449 3516 503 3566 418
520 3511 564 3565 die
581 3514 617 3564 21
633 3510 721 3564 Mart.
792 3508 865 3563 Ede.
884 3509 952 3564 Bar.
974 3509 1012 3562 ad
1029 3525 1055 3562 c.
1079 3512 1139 3574 418,
1161 3509 1192 3573 5,·
1212 3506 1316 3560 Gerae·

189 3602 250 3656 rius
267 3603 375 3666 1209,
396 3600 503 3654 Collect.
525 3599 642 3665 Coccil.;
663 3598 752 3652 Cessat.
775 3600 840 3651 974.
904 3599 920 3651 9
938 3597 966 3650 id
986 3613 1036 3667 que
1060 3597 1084 3648 V
1160 3595 1193 3650 10
1211 3593 1318 3664 regulas

192 3707 243 3760 qne
268 3690 292 3738 V
344 3690 376 3743 12
394 3689 545 3743 reuerentia
569 3689 597 3752 V,
616 3703 683 3743 corr.
703 3689 729 3758 p²
794 3689 825 3742 13
845 3687 979 3741 sententia
997 3683 1175 3739 somniumV
1237 3685 1268 3737 15
1287 3687 1319 3737 ut

192 3780 294 3849 eligate
317 3778 347 3843 V,
367 3795 463 3834 corre
534 3777 654 3831 uinceret
673 3775 700 3836 V,
720 3791 817 3830 cerea
890 3774 1034 3829 etinsecue'
1088 3773 1119 3826 19
1138 3770 1317 3837 sustiuereV,

192 3868 296 3923 correct
331 3869 365 3922 20
383 3867 512 3921 habentia
535 3865 565 3930 V,
583 3866 688 3919 corrasa
723 3865 754 3917 21
774 3867 865 3921 tenere
890 3863 922 3927 V,
937 3878 1005 3918 corr.
1024 3861 1051 3914 ο2
1086 3861 1119 3915 23
1137 3861 1189 3914 iam
1208 3859 1318 3928 scripsi:

191 3959 247 4009 tarn
275 3955 302 4020 V,
321 3972 373 4023 quc
390 3960 499 4010 seruate
516 3954 641 4008 humanis
660 3969 738 4022 quam
757 3951 855 4006 diuinis
873 3952 978 4021 legibus
1003 3950 1093 4005 Cessat.
1181 3949 1217 4002 24
1237 3947 1317 4001 disci·

193 4044 273 4114 plinis
287 4059 338 4113 que
353 4043 378 4095 V
427 4044 547 4096 firmetur
559 4042 679 4095 Romana
692 4041 804 4095 ecclesia
822 4041 896 4094 cuius
909 4033 1002 4094 'locum
1020 4055 1068 4092 nos
1086 4053 1178 4107 regere
1197 4038 1225 4090 et
1242 4037 1317 4106 pote·

194 4135 291 4186 statem
311 4132 379 4199 edd,
397 4131 453 4185 nisi
470 4131 543 4199 qued
554 4146 608 4200 pro
627 4132 654 4184 et
676 4129 764 4184 σοαπ.
782 4128 901 4182 restituit
918 4129 1002 4196 ipsius
1021 4142 1125 4196 quoque

1215 4230 1246 4283 8*
