2904 4672
160 258 226 321 438
445 251 568 307 Gelenius
586 252 608 306 1.
627 250 661 306 ad
679 250 824 306 Honorium
844 251 1005 322 episcopum

160 447 296 532 recipere
333 447 475 512 debeatis
511 446 631 512 auditu.
667 446 751 530 quod
784 447 862 524 <si>
897 450 1015 512 temere
1049 450 1182 531 putatur
1221 466 1291 513 esse

161 554 347 630 iaciendum,
371 573 450 635 quae
472 573 533 618 nou
555 553 695 619 haeresis
709 573 732 617 a
748 554 918 619 maioribus
936 553 1052 619 nostris
1070 554 1293 619 conuenienter

162 660 298 725 extincta
318 678 427 723 rursus
444 677 614 742 prouocare
632 677 690 723 nos
709 659 823 724 audeat
840 663 872 724 et
888 659 993 741 palam
1010 661 1103 725 nouis
1120 660 1293 742 resumptis

119 755 139 819 5
162 765 284 830 uiribus
311 767 477 847 aperteque
505 765 676 850 confligat?
699 765 924 847 numquidnam
947 767 1024 831 licet
1044 765 1136 831 nobis
1160 785 1180 830 a
1200 785 1293 831 uene

162 871 268 935 randis
293 870 436 954 patribus
463 869 610 935 damnata
636 870 809 936 dissoluere
836 875 869 936 et
895 871 934 936 ab
961 872 1026 936 illis
1049 873 1152 936 excisa
1174 873 1293 937 nefaria
1320 892 1332 934 1

101 1052 108 1067 .
163 977 311 1060 dogmata
336 980 524 1041 retractare?
552 976 704 1059 quidest
731 996 815 1061 ergo,
844 977 928 1059 quod
956 995 1145 1061 magnopere
1167 995 1292 1058 praeca·

162 1102 284 1157 nemus,
321 1102 360 1147 ue
396 1083 566 1147 cuiuslibet
599 1084 738 1148 haeresis
775 1085 873 1149 semel
909 1084 1030 1148 deiecta
1064 1083 1218 1166 pernicies
1255 1083 1293 1147 ad

165 1207 291 1254 examen
318 1189 418 1253 denuo
446 1191 552 1254 uenire
575 1189 751 1267 contendat,
775 1190 813 1268 si,
837 1208 915 1272 quas
938 1190 1113 1273 antiquitus
1136 1209 1156 1254 a
1177 1190 1293 1254 uostris

165 1294 335 1359 maioribus
358 1296 482 1379 cognita
499 1296 643 1361 discussa
659 1297 795 1361 refutata
813 1303 897 1372 sunt,
915 1296 1117 1360 restauranda
1133 1295 1293 1360 nitamur?

166 1419 267 1464 nonne
301 1401 363 1484 ipsi
400 1421 467 1478 nos,
504 1402 587 1485 quod
623 1403 707 1467 absit
742 1407 775 1468 et
810 1402 896 1484 quod
930 1421 1101 1483 numquam
1138 1402 1293 1466 catholica
1309 1420 1330 1460 n

167 1506 304 1588 patietur
334 1508 476 1584 ecclesia,
508 1508 694 1574 aduersariis
726 1511 870 1575 ueritatis
902 1509 1058 1574 uniuersis
1099 1513 1209 1572 contra
1239 1527 1293 1572 nos

122 1612 348 1697 6resurgendi
379 1616 582 1698 proponimus
617 1616 815 1698 exemplum?
848 1615 902 1680 ubi
936 1618 995 1692 est,
1026 1614 1110 1696 quod
1142 1615 1293 1697 scriptum

166 1722 231 1784 est:
263 1720 443 1785 terminos
475 1725 620 1808 patrum
653 1726 800 1786 tuorum
827 1742 896 1787 non
919 1719 1224 1804 transgredieris,
1247 1723 1293 1798 et2

165 1825 357 1911 interroga
387 1831 513 1909 patres
545 1832 632 1894 tuos
659 1834 696 1893 et
723 1828 998 1894 adnuntiabunt
1023 1826 1110 1903 tibi,
1140 1830 1177 1891 et
1204 1827 1294 1892 seni·

167 1953 247 1998 ores
270 1936 357 1998 tuos
380 1937 416 1998 et
439 1933 565 1999 dicent
587 1934 680 1999 tibi?
704 1935 780 2017 quid
799 1953 872 2018 ergo
890 1934 1049 1998 tendimus
1068 1933 1153 1997 ultra
1171 1933 1296 1998 definita
1310 1950 1331 1992 n

165 2040 319 2104 maiomm
341 2043 397 2104 aut
420 2059 474 2104 cur
495 2040 585 2105 nobis
609 2059 668 2104 non
692 2039 820 2115 sufficit,
841 2040 868 2105 si
887 2039 962 2121 quid
978 2040 1159 2124 ignorantes
1178 2039 1295 2105 discere

167 2145 342 2227 cupiamus.
362 2145 495 2226 qualiter
512 2145 550 2208 ab
570 2145 748 2210 orthodoxis
767 2145 908 2227 patribus
927 2147 960 2208 et
977 2143 1154 2209 senioribus
1173 2144 1296 2228 singula

167 2270 309 2333 quaeque
340 2252 393 2315 uel
423 2251 552 2315 uitanda
582 2255 748 2335 praecepta
778 2254 853 2315 sunt
883 2251 935 2315 uel
963 2250 1098 2332 aptanda
1124 2250 1296 2315 catholicae

169 2357 317 2421 ueritati?
346 2376 402 2421 cur
428 2377 488 2422 non
515 2357 565 2421 his
593 2357 763 2441 probantur
791 2376 861 2421 esse
888 2355 1036 2423 decreta?
1063 2355 1218 2438 numquid
1244 2359 1297 2420 aut

169 2460 371 2544 sapientiores
384 2461 449 2524 illis
464 2480 573 2526 sumus
588 2465 643 2525 aut
658 2462 829 2544 poterimus
847 2460 937 2524 firma
954 2460 1127 2525 stabilitate
1145 2464 1296 2557 constare,
1311 2480 1332 2520 n

126 2567 197 2632 711
225 2587 270 2644 ea,
300 2587 378 2649 quae
407 2569 445 2631 ab
472 2567 537 2632 illis
565 2569 737 2632 constituta
760 2573 843 2644 sunt,
868 2567 1079 2632 subruamus?
1103 2585 1142 2630 au
1164 2567 1296 2633 fortasse

170 2675 297 2739 nescitis
330 2674 408 2738 hanc
439 2674 603 2751 haeresim,
636 2674 673 2738 de
705 2694 767 2756 qua
796 2673 964 2754 loquimur,
996 2676 1029 2737 et
1059 2673 1097 2736 ab
1126 2674 1298 2754 apostolica

170 2780 287 2845 dudum
326 2780 398 2844 sede
434 2799 490 2862 per
525 2781 632 2845 beatae
668 2781 836 2845 memoriae
871 2779 1087 2844 Innocentium
1119 2797 1156 2842 ac
1189 2779 1297 2844 deinde

170 2887 340 2962 Zosimum,
362 2885 563 2963 Bonifatium,
587 2886 808 2962 Caelestinum,
833 2886 965 2963 Sixtum,
983 2886 1119 2950 Leonem
1142 2886 1296 2950 coutinuis

171 2996 204 3056 et
237 2992 476 3057 incessabilibus
513 2993 676 3057 sententiis
711 2993 810 3057 fuisse
850 2995 1037 3075 prostratam
1077 3009 1135 3056 uec
1174 2993 1296 3056 tantum
1311 3009 1333 3051 n

171 3098 319 3162 ecclesiae
341 3099 511 3163 catholicae
533 3099 657 3182 legibus
680 3099 735 3163 sed
752 3098 926 3182 principum
945 3117 1068 3180 quoque
1087 3098 1296 3163 Romanorum

172 3223 207 3268 eo
235 3208 340 3268 tenore
363 3205 549 3281 damnatam,
573 3208 609 3268 ut
631 3224 687 3269 nec
710 3224 843 3287 usquam
865 3207 1018 3269 terrarum
1040 3203 1171 3268 uiuendi
1193 3204 1296 3268 locum

172 3312 340 3374 sectatores
377 3312 445 3375 eius
481 3311 594 3387 habere
627 3310 823 3375 sinerentur?
856 3329 935 3392 quae
968 3309 1072 3374 omnia
1099 3311 1165 3374 tam
1199 3308 1295 3393 gestis

261 3551 294 3603 13
312 3551 390 3603 Pron.
410 3552 452 3614 22,
472 3552 505 3604 28
561 3552 594 3604 14
613 3552 692 3603 Dent.
712 3552 754 3610 32,
774 3552 790 3603 7

209 3718 222 3770 1
243 3717 266 3770 si
285 3717 350 3773 cdd.
373 3718 451 3772 Tba'el
503 3719 519 3771 3
538 3717 614 3771 nobis
631 3717 661 3779 V,
681 3733 748 3772 corr.
764 3716 791 3768 0²
843 3717 860 3770 8
878 3716 1023 3771 contendat
1040 3733 1073 3771 ear
1090 3716 1258 3771 contendunt
1274 3715 1295 3769 V

173 3809 189 3859 9
208 3809 355 3859 restaurare
375 3806 526 3859 adnitamur
544 3805 570 3856 ο2
633 3806 664 3858 11
685 3805 843 3859 aduersariis
862 3822 895 3859 en
912 3805 1080 3858 aduersarius
1103 3805 1130 3857 V
1191 3806 1293 3859 161111-

172 3895 257 3948 lorum
281 3894 312 3958 V,
332 3910 398 3949 corr.
421 3894 483 3948 Cor.
521 3895 554 3948 16
573 3901 597 3948 et
617 3896 649 3947 19
668 3893 781 3963 quurV
822 3895 854 3947 16
873 3893 1010 3948 sufficiunt
1031 3891 1294 3962 lbie15eqosaestnli

172 3983 316 4050 nnlqctam
329 3988 394 4056 post
408 3981 507 4035 sufficit
517 3983 757 4049 interpunctionem
771 3982 936 4050 distinxiqne
949 3986 1014 4049 post
1026 3981 1138 4034 ueritati
1173 3981 1209 4034 20
1222 3983 1293 4050 pote·

173 4086 261 4123 neurus
283 4071 313 4134 V,
333 4086 434 4124 corruo
496 4070 530 4123 23
549 4068 611 4122 sede
630 4088 658 4122 o:
678 4068 726 4122 sed
748 4069 774 4121 V
837 4069 872 4122 24
889 4068 1051 4122 bonifacium
1073 4068 1100 4121 V
1186 4069 1294 4137 Xystum

177 4156 255 4210 Tba'el
307 4160 340 4212 26
359 4157 458 4227 ligibus
482 4157 511 4222 V,
531 4173 598 4210 corr.
618 4175 635 4208 α
688 4158 721 4210 27
741 4173 824 4226 usque
842 4157 968 4210 iterarum
991 4155 1020 4221 V,
1040 4172 1108 4210 corr.
1128 4154 1155 4208 ο2
1265 4195 1267 4198 -
