2904 4672
330 243 332 249 ’
407 255 494 325 Epist.
512 255 647 308 XXXXVI
667 255 699 310 17
719 285 753 297 -
770 248 921 309 XXXXVII
939 256 964 309 8.
1189 257 1253 321 109

119 450 234 534 omnio,
253 468 331 533 quae
348 449 382 513 in
398 449 505 513 libello
525 449 648 515 Paulini
667 449 876 528 continentur,
899 451 959 514 hoc
982 453 1032 514 est
1054 450 1092 514 de
1115 447 1251 531 quaesti·

120 557 257 623 onibus?
287 558 319 621 et
337 554 397 620 adio
414 556 501 620 loco:
535 555 723 639 cognouisti
744 556 852 638 quales
875 556 996 620 l'tteras
1017 555 1137 620 dederit
1159 554 1249 637 sedes

119 664 160 728 ad
190 662 300 730 fratres
332 664 364 726 et
396 661 602 744 coepiscopos
630 663 754 727 nostros
787 661 950 727 Africanae
976 661 1192 744 prouinciae?
1217 664 1252 744 et

117 769 278 835 adiectum
297 771 362 833 est:
391 768 519 844 damnas
538 768 593 833 illa
611 768 724 846 omnia,
745 787 823 850 quae
842 768 1073 845 damnauimus‚
1094 771 1126 832 et
1148 770 1247 849 tenes,

75 893 90 934 ⁵
117 894 197 958 quae
224 875 392 940 tenemus?
428 875 621 939 etiterum:
656 874 714 938 illa
741 867 844 939 omnia
867 875 1006 953 damnas,
1030 857 1110 957 quae
1133 875 1254 948 iactata*

114 984 191 1045 sunt
214 981 251 1045 de
274 980 399 1048 nomine
422 980 513 1045 tuot‘
536 982 568 1044 et
591 980 724 1057 iterum:
759 981 810 1044 ue'l
833 999 878 1059 ea,
902 1000 981 1062 quae
1004 980 1037 1044 in
1059 980 1166 1046 libello
1191 999 1247 1045 suo

114 1087 260 1169 exposuit
293 1085 479 1151 Paulinus?²
515 1087 548 1149 et
575 1105 647 1167 cum
674 1105 724 1150 me
753 1086 870 1152 diceret
895 1106 989 1170 posse
1018 1106 1054 1151 ex
1085 1086 1145 1165 his,
1169 1090 1290 1169 quaet

111 1192 304 1261 illiyobiecta
322 1195 405 1267 sunt,
425 1191 624 1268 haereticum⁴
643 1192 814 1276 adprobari,
840 1195 947 1259 sancto
970 1193 1108 1275 repletus
1133 1192 1246 1275 spiritu

114 1299 288 1382 apostolica
319 1299 506 1364 auctoritate
533 1298 684 1381 respuisti
721 1300 753 1362 et
787 1299 981 1382 repressisti>
1001 1299 1186 1378 insanientis
1214 1303 1247 1364 et

64 1425 92 1464 ro
114 1405 336 1475 calumniantis
354 1405 452 1469 uerba
469 1400 652 1470 huiusmodi
669 1387 854 1488 proferendo
874 1405 1069 1482 sententiam,
1093 1414 1156 1487 quse
1177 1405 1245 1488 ipse

114 1510 287 1582 catholicus
316 1511 508 1595 adprobaret,
538 1511 639 1588 illum,
666 1511 695 1575 si
723 1511 826 1584 sanari
854 1511 961 1589 uellet,
991 1530 1130 1587 curares·;
1167 1531 1244 1592 quae

112 1616 383 1682 huiusmodi-est:
417 1616 512 1680 nolim
535 1635 592 1681 nos
616 1617 748 1682 circuitu
772 1617 885 1692 ducas;
910 1616 1023 1681 damna
1043 1617 1107 1681 ista
1129 1617 1242 1694 omnia,
1295 1678 1296 1681 ,

113 1741 192 1805 quae
224 1722 283 1787 tibi
314 1722 437 1792 obiecta
469 1743 486 1786 a
513 1723 645 1787 Paulino
674 1723 823 1806 siuevper
850 1723 964 1786 famam
991 1722 1108 1788 iactata
1136 1726 1232 1788 sunt?

113 1828 165 1892 cui
196 1847 255 1893 non
288 1828 448 1904 sufficeret
478 1828 540 1893 ista
572 1828 748 1893 sententia?
778 1828 848 1910 quis
875 1829 957 1893 hanc
982 1831 1047 1893 tam
1076 1811 1241 1905 salubrem,
1266 1832 1285 1894 6

65 1952 91 1992 rs
111 1937 178 1997 tem
205 1934 469 2016 amplectibilem,
488 1938 552 1998 tarn
575 1935 660 2018 piam
683 1939 844 2018 respueret
867 1935 957 2012 alius,
982 1935 1042 1999 nisi
1066 1935 1119 2017 qui
1142 1954 1160 1998 a
1182 1934 1241 1998 fide

113 2039 224 2114 deuius
247 2042 318 2110 est?
343 2042 376 2104 et
391 2040 456 2116 ille,
477 2041 531 2122 qni
550 2040 693 2124 superius
711 2041 873 2123 professus
891 2041 995 2105 fuerat
1012 2059 1056 2117 se„
1076 2060 1240 2124 quaecum·-

112 2165 172 2227 que
198 2145 252 2216 illi
276 2146 399 2218 obiecta
420 2147 553 2224 fuerant,
577 2147 605 2211 si
627 2149 735 2212 contra
757 2146 850 2222 fidem
872 2148 1039 2222 indicares,
1063 2166 1133 2212 esse
1156 2147 1240 2211 dam-

110 2254 273 2331 naturum,
300 2251 389 2317 audit
419 2253 568 2317 ‘damnat‘
600 2255 631 2318 et
657 2273 718 2318 uon
747 2255 850 2318 solum
877 2272 937 2318 non
965 2254 1091 2318 damnat
1118 2252 1174 2318 sed
1201 2253 1240 2316 ad

109 2357 255 2423 iniuriam
272 2360 378 2424 tentae
397 2359 481 2424 sedis
501 2359 669 2424 contendit.
688 2360 770 2425 unde
792 2360 855 2424 iam
878 2379 938 2425 non
961 2359 1084 2444 ignorat
1107 2358 1240 2423 ecclesia

61 2484 88 2524 so
108 2463 250 2531 Romana
271 2484 360 2529 reum
383 2484 486 2542 suum,
506 2465 560 2548 qui
577 2467 643 2529 tam
662 2465 772 2536 audaci
794 2466 906 2548 spiritu
928 2484 1026 2543 ,ausus
1049 2468 1098 2530 est
1120 2467 1239 2538 contra-

110 2569 211 2634 dicere
240 2573 272 2635 et
298 2589 368 2640 non
382 2571 538 2647 damnare,
563 2591 642 2654 quae
664 2572 825 2637 beatitudo
849 2574 904 2636 tua
927 2571 1067 2639 damnari
1082 2571 1238 2662 decreuit

109 2693 168 2759 ego
198 2678 303 2741 tamen
334 2676 393 2747 deo
425 2679 457 2741 et
488 2676 613 2742 Christo
645 2678 771 2743 domino
804 2680 909 2743 nostro
942 2677 1058 2762 gratias
1086 2697 1155 2762 ago,
1173 2679 1280 2760 ‘quit

109 2782 264 2851 ecclesiae
289 2801 363 2853 suae
392 2801 519 2871 causam
545 2783 591 2847 ita
619 2784 670 2868 agi
696 2784 808 2861 noluit,
836 2787 874 2848 ut
900 2784 990 2850 sedes
1014 2784 1239 2867 apostolicae

109 2906 171 2968 qua
199 2889 339 2970 oportuit
365 2907 416 2959 ore
445 2888 579 2952 duorum
606 2889 790 2972 pontificum
819 2909 947 2956 suorum
979 2890 1133 2969 haeresim
1168 2909 1238 2955 con-

56 3012 87 3054 se
109 2993 259 3074 damnari,
289 2997 321 3060 at
348 3013 384 3059 ea
411 2994 584 3059 damnanda
610 2995 812 3079 praeceperit,
841 3015 921 3079 quae
949 3015 967 3060 a
998 3016 1049 3072 me
1082 2994 1236 3061 Caelestio

106 3097 230 3162 fuerant
252 3099 383 3178 obiecta,
406 3100 497 3192 ‘cuius
521 3119 579 3184 ego
603 3121 664 3170 non
688 3101 918 3167 damnationem
942 3101 998 3167 sed
1016 3102 1238 3178 correctionem

107 3222 230 3285 semper
252 3206 359 3286 optaui
383 3208 415 3270 et
437 3208 521 3288 opto.
590 3207 641 3279 cui
664 3225 745 3271 nuuc
767 3207 831 3271 iam
853 3227 914 3273 uon
936 3227 1062 3273 mecum
1085 3207 1141 3272 sed
1163 3225 1236 3289 cupa
1249 3208 1278 3287 ¹8
1331 3193 1351 3215 ⁹

106 3309 255 3396 uniuersa
281 3311 331 3382 dei
358 3312 492 3382 ecclesia
519 3331 614 3377 causa
640 3316 698 3389 est,
727 3300 811 3378 sicut
838 3313 910 3379 data
941 3313 981 3378 ad
1010 3313 1237 3388 beatitudinem
1295 3337 1297 3366 1

106 3417 194 3480 tuam
231 3416 375 3481 Afrorum
412 3418 631 3501 episcoporum
667 3418 785 3502 scripta
819 3422 984 3498 testantur,
1022 3439 1093 3485 cum
1130 3421 1238 3484 contra
1312 3439 1315 3444 ’

53 3523 242 3604 coapostoli
275 3523 471 3615 sententiam*
497 3524 602 3588 uenire
634 3524 744 3590 nititur
776 3527 915 3611 negando
949 3527 1098 3610 originale
1129 3545 1236 3610 pecca-

106 3629 186 3703 tum,
211 3629 294 3711 quod
323 3629 355 3691 in
388 3646 494 3692 omnes
527 3629 669 3694 homines
701 3632 881 3713 pertransiit
908 3634 940 3696 et
962 3651 1061 3714 usque
1084 3632 1115 3695 in
1143 3631 1236 3695 finem

196 3766 230 3819 30
249 3765 281 3820 cf.
299 3766 376 3822 Rom.
395 3768 423 3832 5,
441 3767 475 3820 12
493 3785 552 3839 sqq.

144 3872 157 3924 1
177 3872 228 3925 hoc
247 3875 289 3926 est
307 3872 339 3927 de
359 3873 562 3943 quaestionibus
575 3880 606 3928 ut
618 3876 704 3930 uada
715 3891 773 3930 noa
780 3891 875 3944 popae
887 3876 935 3931 sed
947 3876 1065 3930 Paulini
1079 3876 1129 3931 dot
1145 3877 1235 3931 Oouot.

40 3953 42 3958 ’
105 3958 218 4013 trades
234 3962 413 4030 (apostolica)
430 3962 499 4017 Bar.
562 3963 727 4023 5iaotatata
749 3963 781 4030 V,
800 3980 868 4020 corr.
887 3983 905 4015 α
972 3967 1004 4019 12
1022 3966 1106 4019 nolim
1124 3966 1236 4034 seipsi:

104 4047 162 4101 noli
186 4047 217 4112 V,
236 4049 298 4102 nolo
317 4050 387 4104 Bar.
461 4050 492 4124 17
512 4051 639 4123 indicates
663 4053 781 4117 K'oorr.
800 4071 813 4103 o
891 4054 924 4109 18
942 4054 1005 4108 audi
1028 4054 1060 4119 V,
1079 4069 1147 4110 corr.
1165 4056 1236 4109 Bur.

65 4137 141 4218 Ι23
160 4136 224 4191 sede
249 4137 280 4201 V,
299 4154 366 4192 corr.
387 4137 413 4209 ρΞ
483 4139 518 4194 30
537 4143 674 4195 sententia
695 4142 727 4207 V,
745 4157 846 4197 corma
917 4143 1008 4199 uenire
1027 4146 1065 4206 02:
1084 4144 1189 4198 ueniale
1212 4144 1240 4198 V
