2904 4672
175 275 240 342 338
453 271 599 328 Iustiniani
615 271 723 326 libellus
741 271 805 326 fidei
822 242 858 326 ad
876 270 1028 341 Agapetum

173 466 351 550 dereliquit,
379 467 439 530 hoo
466 468 549 531 sorte
573 483 719 530 excusare
742 464 794 528 nir
817 464 942 546 poterit,
966 464 1050 546 quod
1072 467 1137 530 tam
1161 465 1304 548 piissimo

170 575 205 638 et
244 572 488 637 elementissimo
529 570 672 653 principi,
712 570 797 634 beati
837 589 962 654 qnoque
1005 570 1093 635 Petri
1137 570 1305 657 priuilegia

173 678 439 756 defensantium
473 678 525 742 uel
558 679 754 761 oportune
786 678 839 741 uel
870 676 1099 758 importune
1132 678 1303 762 suggessit,

120 790 162 855 13
173 784 249 870 quid
275 785 307 850 in
335 785 393 849 hae
421 787 508 867 parte
532 784 616 848 sedis
640 783 830 866 apostolieae
853 782 1044 848 reuerentiae
1068 781 1245 849 deberetur.
1268 784 1303 849 de

172 905 232 975 qno
257 892 353 957 simul
375 891 500 976 negotio
520 890 576 954 sed
595 893 626 953 et
644 889 682 953 de
700 889 874 954 Iustiniana
892 889 1021 954 ciuitate
1041 889 1173 974 gloriosi
1192 889 1302 954 natalis
1327 909 1338 948 s

171 998 270 1063 uestri
293 997 419 1063 oonsoia
440 1015 497 1062 neo
519 1016 579 1061 non
599 996 686 1060 etde
705 998 829 1061 nostrae
848 995 933 1060 sedis
951 995 1076 1060 uicibus
1094 994 1304 1080 iniungeudiu,

172 1104 248 1186 quid
270 1106 395 1170 seruato
418 1103 503 1168 beati
525 1103 619 1180 Petri,
645 1122 738 1184 quem
761 1101 904 1185 diligitis,
928 1101 1103 1185 prinoipatn
1126 1104 1159 1166 et
1180 1103 1302 1167 uestrae

171 1211 298 1294 pietatis
322 1211 446 1275 adiectu
468 1208 591 1292 plenius
616 1208 780 1273 deliberari
803 1207 979 1293 eontigerit,
1001 1226 1057 1289 per
1079 1226 1145 1285 eos,
1168 1225 1247 1290 quos
1261 1191 1302 1272 ⁴ad

73 1381 75 1383 ,
122 1321 230 1385 iduos
245 1315 419 1401 dirigimus,
433 1314 557 1399 legatos
572 1313 629 1379 deo
648 1314 782 1396 propitio
803 1314 944 1378 celeriter
960 1313 1153 1378 intimamus.
1200 1332 1301 1396 super·

172 1425 223 1487 est
243 1424 289 1499 ut,
312 1421 396 1485 sieut
414 1439 432 1483 a
449 1420 539 1484 beato
559 1419 652 1484 Petro
680 1419 890 1484 indesinenter
916 1418 1123 1502 exposuimus,
1144 1418 1182 1486 de
1201 1419 1335 1487 salutem

173 1530 206 1592 et
231 1525 437 1611 prosperitate
465 1526 564 1590 uestri
592 1544 714 1607 semper
740 1524 862 1606 imperii
890 1526 1091 1609 gratulemur.
1160 1524 1233 1591 Dat.
1255 1524 1298 1590 Id.

174 1631 299 1697 Octobr.

694 1821 778 1905 1891

168 1938 332 2010 mannaan
353 1963 472 2008 ulnam
493 1964 619 2009 Pusam
641 1963 750 2008 DONINI
772 1962 882 2008 Nouum
904 1962 1078 2008 IUSPINIANI
1099 1961 1298 2008 munnulus

256 2070 337 2143 unp
357 2070 450 2114 numu
474 2070 611 2114 AGAPI'PO
634 2069 738 2114 PAPAE
764 2067 1049 2113 CONSTANTINOPOLI
1072 2067 1112 2112 DE
1136 2067 1219 2113 rma.
1313 2075 1333 2115 11

216 2194 250 2238 nr
271 2193 385 2239 norrun
409 2192 516 2238 nouum
538 2193 592 2238 nar
614 2192 724 2238 nosnnr
746 2192 818 2238 msu
842 2192 962 2237 onmem
983 2191 1159 2248 mrnnnnon
1183 2192 1300 2237 crusna

172 2299 301 2345 nonnius
328 2292 525 2344 rusnrnmuos
552 2298 774 2344 nunnumous
804 2297 953 2343 oornrcus
980 2297 1155 2343 nmuouous
1189 2298 1299 2343 onm-

172 2397 263 2450 mous
304 2405 436 2450 sumone
475 2404 629 2450 nnnmoos
666 2403 863 2449 uuunnnrous
900 2403 1074 2448 mmcnnus
1110 2403 1180 2449 erus
1216 2403 1300 2448 unum

172 2511 311 2557 mosmos
348 2510 461 2555 uronon
496 2508 537 2554 no
575 2510 788 2554 rnrureunnou
824 2509 939 2555 sunnon
974 2508 1131 2553 assuerus
1165 2508 1298 2556 usnemu

109 2634 112 2641 ·
160 2616 372 2664 ,suucrrssnro
391 2617 432 2661 no
452 2615 632 2661 nnnrrssnro
651 2616 894 2662 nnomnnrsoono
913 2615 1015 2661 nmen
1038 2614 1125 2659 unare
1145 2615 1247 2662 nonna
1264 2616 1299 2669 nn
1314 2625 1334 2665 n

171 2722 402 2768 nsrmnnonnn.
424 2695 531 2767 Prima
549 2703 633 2768 salus
648 2707 696 2768 est
710 2706 813 2769 rectae
825 2703 898 2768 fidei
910 2703 1051 2787 regulam
1068 2702 1226 2775 custodire
1242 2707 1301 2767 eta

172 2812 297 2892 patrum
324 2809 490 2873 traditione
516 2809 694 2873 nullatenus
719 2810 855 2887 deniare,
880 2809 953 2892 quia
975 2827 1036 2873 non
1058 2811 1166 2891 potest
1187 2808 1300 2875 domini

173 2915 272 2980 nostri
306 2916 379 3007 Iesu
417 2914 533 2982 Christi
569 2916 775 2998 praetermitti
812 2915 966 2980 sententia
1003 2913 1152 2979 dicentis:
1188 2919 1232 2980 tn
1264 2933 1300 2979 ee

173 3022 319 3087 Petrus
343 3025 382 3086 et
405 3041 525 3104 super
546 3022 644 3088 hano
666 3025 818 3105 petram
837 3020 1065 3085 aedificabo
1086 3018 1301 3086 ecelesiam

173 3147 304 3193 meam.
336 3129 423 3206 haee,
456 3146 534 3210 quae
567 3128 652 3193 diota
683 3130 766 3204 sunt,
799 3146 903 3191 rerum
929 3127 1101 3209 probantur
1129 3126 1299 3204 effectibus,
1314 3153 1335 3194 u

174 3235 247 3317 quia
268 3234 300 3298 in
321 3234 394 3298 sede
414 3235 586 3318 apostoliea
602 3233 795 3298 inuiolabilis
815 3252 938 3315 semper
957 3232 1111 3308 catholiea
1128 3233 1302 3299 custoditur

263 3469 279 3522 3
298 3467 331 3523 cf.
350 3467 417 3522 Tim.
436 3468 506 3533 114,
526 3469 542 3523 2
597 3467 630 3524 23
649 3469 748 3525 Matth.
768 3470 810 3534 16,
831 3469 863 3522 18

211 3633 393 3702 ldereliquid
416 3633 451 3686 V:
472 3630 588 3702 deliquit
604 3634 667 3688 Cor.
705 3635 918 3704 iprinoipatum
937 3633 968 3698 V,
987 3649 1088 3688 corma
1124 3591 1302 3705 9proptioV

176 3721 206 3774 11
226 3737 467 3781 muruoorunnrru
489 3721 515 3788 V
526 3722 619 3788 priore
637 3739 653 3775 v
671 3723 702 3775 ire
721 3738 735 3774 o
755 3737 822 3775 corr.
1094 3782 1096 3785 v

210 3808 257 3863 89.
299 3807 585 3862 iraudulentum.
608 3812 673 3863 536.
745 3810 818 3865 Edu.
841 3809 904 3863 Cor.
922 3809 954 3862 1²
974 3813 1041 3876 591,·
1059 3810 1166 3864 Colleot.
1188 3811 1301 3876 Oeneil.,·

174 3897 284 3950 initium
310 3902 335 3950 et
360 3895 440 3962 finem
463 3895 554 3960 Pitra,
579 3897 655 3951 Iorie
679 3898 739 3953 eorl.
761 3915 848 3967 praee.
875 3899 969 3952 histor.
998 3905 1023 3953 et
1044 3914 1162 3953 monum.
1181 3900 1301 3970 112195

176 3989 362 4038 commemorat
378 3983 446 4038 Bar.
466 3984 505 4036 ud
523 4001 549 4038 a.
571 3987 697 4050 536,1a.
742 3989 773 4040 15
792 4003 1048 4045 oonsruurrnononur
1070 3987 1102 4052 V,
1120 4004 1188 4042 corr.
1207 3989 1298 4042 Petro:

177 4070 283 4139 (apud)
304 4069 564 4150 Constantinopolim
586 4071 648 4126 Cur.
673 4144 674 4149 Ἰ
705 4075 736 4127 17
756 4076 861 4143 gotioue
880 4074 906 4126 V
973 4073 1080 4128 francus
1103 4075 1135 4140 V,
1154 4092 1222 4131 corr.
1239 4078 1298 4131 Car.

139 4153 146 4166 ⁹
176 4157 208 4212 21
228 4162 299 4212 recte
322 4159 347 4212 V
396 4160 432 4213 24
450 4158 598 4214 hedifioabo
620 4160 647 4212 V
697 4162 731 4214 26
750 4163 917 4216 custodiatur
939 4162 970 4228 V,
989 4179 1058 4217 corr.
1080 4147 1143 4218 Cur.
1295 4154 1297 4158 '
