2904 4672
135 268 199 332 314
301 220 304 227 Ι
403 263 498 334 Uigilii
516 263 691 318 constitutum
711 262 744 317 de
762 262 848 316 tribus
866 261 991 331 capitulis

134 463 347 542 postpauca:
376 459 434 541 pie
463 456 568 522 nobis
597 460 633 521 et
659 458 874 521 constanter
899 454 1078 519 ntondnm
1105 457 1178 533 eat,
1201 472 1256 529 ne,

135 567 219 631 dnm
242 565 376 629 talium
399 561 607 646 disputatio
627 559 853 636 admittitur,
872 560 944 638 his,
964 579 1055 642 quae
1075 560 1256 625 diuinitus

135 671 304 753 definita,
332 672 432 744 sunt,
471 667 677 734 auctoritas
710 667 917 750 derogetur.
950 667 1026 730 item
1058 685 1095 731 ex
1126 666 1257 749 epistola

133 796 232 861 papae
259 775 372 841 Leonis
395 775 434 839 ad
457 773 636 838 Anatolium
660 772 1038 854 Constantinopolitanum
1061 773 1256 857 episcopum:

60 868 62 872 ⁸
134 886 177 947 nt
203 885 327 963 antem
353 882 442 946 haec
470 879 679 945 exhortatio
707 879 751 944 ad
773 878 931 944 omnium
955 879 1111 944 fratrum
1133 878 1255 961 possit
1283 897 1293 936 ⁵

134 987 308 1053 notitiam
321 985 529 1070 peruenire,
545 985 765 1069 diligentiae
779 987 927 1049 nestrae
943 1003 1028 1049 eura
1041 984 1256 1068 perspiciat,

135 1094 230 1175 quia,
250 1093 347 1175 quod
370 1112 478 1174 saepe
497 1091 690 1157 dicendum
710 1094 776 1168 est,
795 1094 875 1156 tota
891 1089 1026 1176 religio
1046 1090 1257 1157 Christiana

134 1199 322 1276 turbatur,
347 1200 379 1263 si
398 1198 594 1280 quicquam
613 1197 746 1273 dehis,
765 1215 856 1280 qnae
875 1196 970 1280 apud
988 1195 1256 1262 calchedonam

135 1304 347 1370 constituta
374 1306 474 1381 seint,
503 1304 740 1369 conuellatur
767 1306 816 1380 et,
844 1322 935 1386 qnae
959 1322 999 1368 ex
1022 1301 1151 1367 diuina
1174 1305 1258 1366 sunt

134 1409 382 1493 inspiratione
406 1409 626 1492 composita,
650 1409 728 1474 nlla
748 1408 944 1491 patiamini
963 1408 1131 1474 nouitate
1150 1412 1256 1472 teme·
1274 1426 1296 1463 o

47 1513 111 1580 294
134 1516 215 1580 rari.
266 1515 321 1580 sed
344 1519 377 1579 et
398 1515 599 1581 beatissimus
621 1514 825 1599 prodecessor
846 1517 953 1580 noster
973 1533 1053 1597 papa
1075 1513 1257 1598 Simplicius

84 1641 86 1645 ·
133 1620 171 1684 ad
191 1621 344 1686 Zenonem
362 1619 541 1704 Augustum
565 1619 611 1684 sic
633 1620 715 1684 inter
737 1621 840 1685 cetera
862 1618 953 1684 dicit:
977 1638 1094 1702 neque
1117 1619 1256 1701 aliquis

134 1725 269 1791 dubins
308 1726 466 1791 rationis
503 1729 539 1790 et
573 1725 743 1808 trepidus
784 1724 918 1790 mentis
959 1727 1132 1808 expectet
1171 1725 1257 1790 noui

134 1831 277 1914 aliquid
299 1834 386 1914 post
408 1828 707 1896 calchedonense
730 1830 928 1896 concilium
949 1834 1076 1897 eontra
1094 1829 1257 1895 definiti-

135 1957 222 2003 ones
250 1936 373 2021 ipsins
400 1937 611 2012 retractari,
639 1935 726 2020 qnia
751 1955 815 2018 per
840 1936 1055 2002 uniuersum
1084 1935 1257 2015 mnndum
1277 1952 1297 1992 a

224 2164 236 2216 l
257 2162 355 2217 Leonis
372 2179 415 2233 ep.
430 2162 481 2216 164
495 2161 536 2217 ed.
550 2161 619 2217 Bell
634 2161 647 2216 1
662 2163 729 2218 1347
749 2166 816 2232 (quo
832 2162 923 2217 eoacti
939 2161 1053 2231 spiritua
1064 2167 1260 2232 praesumente

135 2250 262 2305 doctrino
275 2251 323 2320 pie
340 2250 420 2305 noth
438 2253 501 2318 etc.)
555 2252 572 2305 5
589 2249 730 2305 Ballerinii
749 2249 857 2320 (Leonis
876 2267 937 2320 opp.
954 2249 969 2304 1
988 2249 1054 2304 1311
1075 2246 1133 2303 adn⁴
1152 2250 1178 2318 7)
1197 2265 1257 2304 cen·

135 2342 195 2392 sent
211 2338 255 2392 hic
273 2356 290 2394 a
307 2338 407 2409 Uigilio
432 2355 480 2409 per
502 2354 614 2392 errorem
637 2338 790 2393 Anatolium
814 2335 1141 2407 constantinopolitannm
1159 2335 1259 2390 substi-

135 2429 224 2480 tutum
242 2443 299 2482 esse
317 2444 365 2497 pro
388 2427 488 2482 Basilio
506 2427 671 2482 Antiocheno
695 2425 741 2495 (ci.
758 2426 863 2496 Pelagii
880 2426 908 2480 11
926 2443 967 2497 cp.
987 2450 1020 2471 =
1038 2424 1131 2494 Migne
1148 2424 1187 2478 IX
1206 2425 1258 2479 437

136 2514 185 2568 snb
208 2514 273 2583 fin).
298 2515 331 2569 ad
355 2533 432 2586 quern
455 2516 493 2570 IX
515 2514 575 2572 Kal.
599 2515 673 2585 Sept.
696 2533 719 2569 a.
742 2516 794 2569 457
817 2515 857 2568 ita
875 2515 983 2584 scripsit
1000 2513 1054 2567 Leo
1073 2517 1125 2582 (ep.
1148 2512 1198 2566 149
1217 2512 1259 2568 ed.

134 2602 204 2656 Ball.
221 2603 235 2656 1
256 2602 345 2658 1310o:
371 2604 478 2659 obsecro
496 2604 665 2658 dilectionem
682 2609 809 2665 omnam,
827 2607 859 2656 act
877 2619 895 2656 o
916 2601 1144 2657 Calchedoacnsia
1159 2601 1260 2671 syreodi

136 2690 337 2757 definitionibus
358 2693 388 2744 in
413 2692 491 2746 nullo
515 2693 621 2746 aniuros
637 2692 765 2746 relucetis
783 2696 816 2758 et,
834 2706 904 2759 qaae
921 2703 954 2745 ec
970 2689 1071 2744 diuino
1087 2694 1154 2743 eunt
1170 2677 1257 2758 inepi-

134 2778 242 2832 ratione
259 2780 414 2848 composito,
432 2780 514 2833 natta
528 2781 680 2857 patientissi
696 2780 821 2836 nouitate
839 2779 964 2834 teanensi
981 2782 1008 2833 et
1026 2777 1052 2831 in
1071 2777 1123 2831 fine
1138 2776 1257 2831 eiusdem

134 2866 278 2936 epistulae:
300 2871 332 2920 oct
354 2872 443 2922 autem
464 2867 531 2921 haec
555 2868 712 2922 adhortmio
736 2868 775 2921 cd
796 2868 915 2922 omnium
936 2867 1057 2934 fratrum
1079 2870 1103 2918 et
1125 2865 1257 2934 coepisco·

128 2970 229 3024 porum
254 2961 410 3010 nostrornm
430 2956 521 3025 poscit
541 2956 673 3010 notitiam
694 2956 847 3025 peruenire,
874 2955 1031 3026 dilectatioe
1055 2960 1164 3009 amcos
1188 2970 1258 3008 ciero

128 3043 290 3112 pmospieiat,
308 3044 382 3111 puio.
401 3043 475 3113 quod
494 3058 576 3112 saepe
597 3043 740 3098 dicendam
762 3049 807 3108 eat,
830 3049 890 3099 toto
906 3043 1000 3112 relicto
1021 3041 1182 3096 Christiano
1199 3043 1273 3096 curs

134 3129 223 3194 datar.
241 3131 267 3184 si
284 3131 428 3199 quicquam
451 3131 484 3185 de
505 3131 556 3193 aiu
575 3147 645 3200 quoe
663 3131 741 3201 apud
760 3131 961 3186 Galcleedonom
977 3136 1042 3184 sont
1058 3135 1174 3192 statuto.
1192 3145 1257 3184 coa·

132 3219 261 3273 uallatur.
284 3235 370 3289 neqne
393 3235 457 3273 nero
480 3219 508 3273 id
531 3219 598 3274 mihi
620 3223 809 3290 persuaserunt
830 3218 927 3273 fratres
951 3216 1106 3281 doctissimi,
1125 3234 1185 3271 cum
1203 3233 1256 3271 non

132 3305 218 3360 solum
246 3308 302 3360 siue
328 3307 516 3376 neglegentiae
533 3309 590 3362 sine
617 3307 740 3362 inscitiae
768 3307 930 3362 accusandus
962 3311 1033 3361 esset
1060 3306 1178 3376 Uigilins
1209 3306 1256 3362 sed

132 3396 214 3450 etiam
235 3394 369 3462 licentiae,
392 3412 445 3464 qna
468 3396 551 3451 uerba
573 3396 708 3466 dispamta
732 3395 912 3451 coniunxisset
934 3396 962 3450 in
984 3411 1074 3451 annm.
1097 3394 1178 3449 immo
1197 3410 1254 3449 cnm

131 3483 211 3551 plane
239 3482 340 3536 eadem.
364 3499 431 3553 qnae
454 3483 487 3538 ad
510 3484 649 3543 Basiliam.
673 3483 764 3553 paneis
787 3486 850 3554 post
874 3483 969 3537 diehns
991 3483 1045 3537 Leo
1067 3482 1205 3551 scripserit
1221 3482 1255 3536 ed

131 3569 293 3624 Eusithenm
312 3571 576 3626 Thessalonicensem
595 3575 623 3626 et
636 3587 652 3626 a
665 3572 724 3643 pari
742 3572 776 3625 ad
794 3575 849 3625 tres
868 3569 934 3625 alios
953 3572 1092 3642 episcopos
1104 3558 1254 3625 Orientales

130 3660 183 3730 (ep.
213 3661 263 3713 150
290 3658 331 3712 ed.
358 3659 448 3730 Bali),
473 3660 545 3714 hand
572 3661 629 3714 neri
656 3660 763 3714 uidetur
790 3658 918 3714 dissimile
945 3676 1004 3713 enm
1028 3658 1131 3712 ultimis
1157 3658 1255 3713 mensis

131 3747 247 3817 Augusti
266 3746 360 3804 diebus
378 3749 477 3802 similia
494 3745 631 3819 scripsisse
650 3749 730 3803 etiam
748 3748 782 3802 ad
800 3748 954 3803 Anatolium
972 3748 1105 3818 huiusque
1124 3747 1254 3817 epistulae

131 3852 184 3889 non
202 3841 325 3890 seruatae
344 3853 402 3891 esse
421 3853 461 3900 aa,
480 3853 548 3908 quae
566 3837 683 3907 Uigilins
702 3837 745 3891 hic
763 3837 858 3891 adfert.
931 3836 962 3890 12
991 3840 1054 3889 snnt
1072 3835 1203 3906 Simplicii
1222 3834 1254 3888 ad

130 3924 264 3987 Acacium,
284 3923 361 3979 Thiel
380 3941 420 3995 ep.
441 3927 455 3979 ‘l
474 3943 499 3995 p.
520 3927 571 3980 190

165 4048 182 4100 4
200 4047 330 4101 antolinm
356 4046 379 4095 V
463 4050 480 4103 6
499 4048 596 4101 notitia
618 4047 649 4112 V,
667 4064 734 4103 corr.
754 4066 768 4098 o
859 4046 1004 4116 perspiciat
1030 4046 1251 4116 1100141010-

130 4134 228 4204 spiciat
246 4135 306 4191 edd.
324 4134 432 4199 Leonis,
451 4136 572 4205 perficiat
589 4137 657 4189 Bor.
714 4137 746 4190 10
764 4135 839 4190 nulla
856 4134 1007 4188 Bolleriaii
