2904 4672
635 223 719 296 span
737 223 765 277 ιι
784 223 895 278 cr-ca
1285 225 1328 290 ‘25

203 413 377 477 rationibus
410 413 468 478 sub
503 412 682 478 Constantio
715 413 975 480 damnauerunt?
1005 415 1055 478 his
1086 415 1179 480 rebus
1212 415 1328 481 Ualens

203 521 308 583 motus
331 519 475 603 ignorans
498 521 648 584 uirtutem
680 539 771 585 uerae
798 520 871 584 fidei
902 524 934 584 et
952 518 1158 585 constantiam
1190 540 1261 586 cum
1283 522 1329 585 in-

204 623 378 689 constantia
408 623 568 688 conferens
597 624 792 707 impietatem
824 625 1048 691 haereticorum
1087 608 1159 691 cum
1196 627 1329 707 quadam

203 728 325 809 qust‘tia
352 729 540 796 uindicabat.
609 732 641 793 et
671 733 821 808 tacemus,
855 731 938 813 quod
969 731 1064 795 etiam
1103 731 1161 795 sub
1197 730 1380 797 Ualentedi

173 833 317 897 aiterum
349 853 382 898 se
415 835 541 916 quidam
577 837 741 900 haereticis
774 836 975 914 tradiderunt,
1020 856 1098 920 quos
1135 857 1216 902 nunc
1251 837 1330 901 nihi-

202 937 339 1003 lominus
371 940 515 1004 uidemus
546 941 627 1004 inter
658 942 828 1007 catholicos
861 942 1021 1007 nominari.
1053 943 1124 1021 inde
1153 947 1211 1022 est,
1248 942 1330 1006 unde

203 1045 299 1108 etiam
321 1045 429 1127 plebes
452 1047 679 1111 haereticorum
711 1047 750 1111 ad
781 1047 874 1111 fidem
904 1047 1033 1130 impiam
1061 1050 1222 1113 roboratae
1246 1049 1330 1128 sunt,

203 1149 277 1214 dnm
300 1150 448 1216 haeretici
471 1151 502 1214 in
525 1150 607 1216 malo
630 1155 831 1233 perseuerant
853 1156 893 1228 et,
919 1154 971 1235 qni
1001 1156 1150 1236 putantur
1173 1142 1330 1231 catholici,

171 1252 175 1259 ’
203 1255 240 1319 de
271 1255 352 1320 bono
383 1256 533 1321 recedunt
563 1257 752 1349 aliquotiens
780 1259 1022 1323 subcumbentes
1055 1258 1229 1324 haereticis.
1271 1277 1332 1340 qua

155 1387 184 1424 ιο
205 1361 287 1425 enim
310 1345 500 1427 auctoritate,
520 1363 553 1426 hi
576 1364 655 1427 tales
679 1348 818 1446 episcopi
842 1367 948 1429 contra
969 1365 1122 1429 haeresim
1144 1364 1330 1446 praedicant,

203 1467 253 1530 cui
290 1486 324 1531 se
356 1467 581 1549 subscripsisse
613 1487 725 1553 negare
762 1488 822 1534 non
858 1473 1013 1551 possunt?
1054 1473 1092 1556 et
1123 1489 1184 1552 qua
1218 1469 1332 1532 fiducia

203 1573 389 1636 catholicam
420 1559 514 1638 fidem
545 1575 629 1656 plebi
662 1575 792 1639 suadere
819 1575 966 1652 nitantur,
999 1595 1071 1645 cum
1093 1577 1224 1652 constet,
1248 1573 1332 1656 quod

203 1699 278 1747 eam
293 1679 399 1761 impiis
423 1679 707 1762 subscriptionibus
732 1681 987 1762 reprobauerint?
1053 1681 1210 1746 uidetisne
1237 1679 1381 1746 etiamb8

202 1785 317 1850 uestris
340 1785 544 1867 temporibus,
569 1785 625 1850 sed
647 1789 685 1849 ut
707 1785 862 1850 credimus
885 1786 1100 1868 ignorantibus
1122 1785 1223 1860 uobis,
1238 1784 1332 1848 fidem

153 1915 183 1953 ιι
204 1890 330 1974 quidem
346 1891 439 1973 piam,
460 1893 551 1974 atque
571 1888 691 1955 utinam
708 1893 762 1956 uel
780 1910 863 1969 uere,
879 1890 934 1955 sed
950 1891 1009 1955 etsi
1023 1910 1096 1956 uere
1113 1889 1332 1972 cnmqnadam

203 2000 307 2060 tamen
329 1996 487 2061 iniustitia
509 1997 670 2073 uindicari,
695 2016 767 2061 cnm
789 2017 844 2079 per
874 1997 1018 2080 indignos
1047 1996 1209 2079 episcopos
1233 1993 1332 2058 uindi·
1404 2015 1406 2017 ’

203 2105 292 2166 catur
313 2102 345 2165 in
368 2101 569 2167 affiictionem
592 2102 676 2184 piam
698 2101 793 2166 fidem
816 2102 1046 2166 defendentium
1078 2101 1276 2166 sacerdotnm
1300 2103 1334 2164 et

202 2208 234 2271 in
258 2207 426 2289 perniciem
448 2193 588 2271 fidelium
619 2208 792 2275 laicorum?
823 2208 878 2272 sed
909 2208 996 2272 nefas
1019 2210 1148 2288 putatur
1174 2209 1223 2272 tot
1244 2224 1330 2287 prae·

202 2316 393 2378 uaricatores
430 2313 549 2378 deicere
587 2317 619 2376 ct
653 2313 864 2378 conscientem
900 2313 939 2376 ad
983 2313 1171 2377 iniustitiam
1206 2312 1330 2376 turbam

153 2442 184 2480 eo
202 2418 374 2499 reprobare.
399 2421 432 2482 et
453 2417 508 2482 ubi
531 2421 580 2482 est
601 2418 723 2485 iustitia
745 2438 836 2482 uerae
859 2418 1029 2502 religionis,
1054 2418 1081 2482 si
1100 2417 1266 2482 addicenda
1282 2418 1331 2480 est

201 2524 316 2605 impiae
336 2520 532 2588 multitudini
556 2525 669 2589 ethos
692 2513 749 2588 sub
773 2525 925 2605 piissimis
948 2527 980 2588 et
1000 2521 1250 2607 religiosissimis
1272 2523 1329 2587 inr-

203 2629 418 2712 peratoribus?
485 2648 545 2693 nou
564 2630 624 2694 sic
653 2630 684 2693 in
715 2629 834 2694 diluuio
867 2630 1040 2693 iudicatum
1072 2633 1129 2707 est,
1165 2632 1203 2692 ut
1237 2629 1381 2712 turbab9

202 2735 342 2799 uinceret
370 2734 553 2812 infidelium,
586 2734 641 2800 sed
677 2739 710 2799 et
735 2724 806 2799 Noe
834 2736 888 2800 ille
910 2735 1103 2799 iustissimus
1134 2734 1204 2798 ideo
1228 2732 1328 2816 magis

203 2840 261 2905 deo
284 2841 411 2923 placuit,
436 2842 518 2923 qnod
540 2843 571 2906 in
594 2842 650 2907 illo
674 2842 790 2906 excidio
814 2842 922 2906 mnndi
945 2843 1031 2906 solus
1053 2842 1157 2906 iustus
1180 2841 1328 2905 inuentus

154 2975 184 3014 aa
204 2949 263 3010 est.
283 2946 484 3012 nihilominus
504 2951 535 3012 et
549 2948 579 3036 in
599 2947 734 3014 Sodoma
756 2950 788 3011 et
806 2947 956 3013 Gomorra
973 2965 1084 3030 graues
1103 2965 1216 3029 poenas
1242 2944 1329 3009 dedit

203 3052 298 3133 impia
321 3052 500 3131 multitudo,
524 3052 606 3117 unde
629 3052 895 3136 hospitalissimus
918 3045 997 3116 Loth
1014 3052 1053 3116 ob
1076 3052 1229 3116 iustitiam
1250 3051 1328 3114 libe·

203 3161 290 3222 ratus
327 3160 380 3237 est
411 3177 483 3222 cum
521 3159 642 3223 duabus
677 3158 893 3223 tantummodo
924 3156 1060 3222 filiabus.
1094 3157 1149 3222 sed
1184 3175 1241 3220 nec
1277 3153 1328 3220 dei

204 3264 376 3327 aemulator
416 3265 534 3341 Helias,
565 3265 619 3345 qui
658 3264 719 3327 fuit
760 3263 936 3347 singularia,
978 3253 1110 3328 obtritus
1151 3268 1213 3338 est,
1256 3280 1353 3325 cunr

204 3362 354 3433 aduersus
390 3369 481 3433 illum
522 3369 740 3452 quadringenti
778 3368 1003 3451 qninquaginta
1042 3367 1115 3433 falsi
1150 3360 1327 3432 sacerdotes

154 3475 383 3553 coniterentur,
403 3475 459 3539 sed
481 3472 583 3540 omnis
605 3475 698 3539 turba
719 3474 774 3538 illa
795 3474 893 3557 impia
916 3474 1113 3538 sacerdotum
1134 3473 1196 3537 luit
1212 3490 1328 3554 poenas

291 3697 326 3750 aa
350 3697 383 3753 er.
408 3697 504 3753 cenes.
524 3699 548 3763 7,
568 3683 590 3751 ι’
673 3698 707 3752 25
731 3697 763 3760 er.
788 3696 881 3751 cenes.
904 3698 935 3751 19
1024 3699 1058 3751 ιι
1077 3697 1110 3753 ιι.
1128 3699 1214 3768 sagn.
1233 3697 1275 3751 ιιι
1295 3696 1328 3751 rs

239 3836 382 3905 bquidem
406 3836 436 3902 V,
456 3836 570 3910 eorrgp²
621 3839 736 3907 tiquam
755 3836 786 3901 V,
806 3853 872 3891 cerr.
892 3836 919 3890 οἳ
973 3838 1005 3890 19
1024 3837 1234 3891 consentientem
1254 3833 1281 3907 ρ2
1297 3834 1353 3917 ιἰιι

202 3939 297 3996 anarq,
316 3924 398 3979 Sirm.
451 3926 483 3979 21
504 3925 708 3984 multitudinillll
729 3929 808 3994 (eras.
827 3929 850 3993 s)
867 3924 893 3978 V
945 3927 978 3978 26
996 3925 1170 3989 iustissimam
1187 3924 1219 3990 V,
1233 3940 1327 3979 corno
1379 3989 1381 3992 Α

203 4011 239 4065 28
255 4013 320 4079 tbrt.
340 4014 402 4082 qnia
473 4013 589 4068 obtritus
606 4013 716 4082 screbat:
734 4013 860 4067 obtentus
883 4013 909 4067 V
958 4015 992 4068 29
1011 4013 1200 4082 quadringenti
1218 4030 1245 4064 o:
1264 4028 1326 4066 con·

203 4099 322 4168 tingenti
345 4100 371 4154 V
