2904 4672
177 273 240 337 452
327 269 448 326 Gelenius
465 270 487 324 1.
506 270 645 326 aduersum
664 269 877 324 Andromachum
896 271 987 322 contra
1004 267 1164 339 Lupercnlis

176 466 298 530 chartas
330 465 501 544 amiserint,
532 469 637 531 tamen
668 463 796 547 perfidis
827 464 991 529 haereticis
1024 465 1117 546 atoue
1150 462 1310 541 damnatis

177 571 414 637 adcommodare
441 592 502 637 non
529 572 709 650 debuerant,
737 590 817 655 quae
840 571 908 636 sola
929 570 1034 651 negari
1055 569 1171 652 potuit,
1195 571 1310 635 nolun-

176 680 284 743 tatcm.
312 698 372 743 non
400 679 503 744 solum
531 697 604 763 ergo
631 697 692 743 non
720 697 811 762 egere
840 697 919 761 quae
941 677 1029 741 iussa·
1051 679 1128 745 sunt,
1147 679 1204 740 aut
1227 695 1308 759 qnae

175 785 319 867 poterant
350 783 492 867 expedire
523 783 665 848 iecerunt
696 783 751 848 sed
783 783 877 847 etiam
903 781 1069 846 haereticis
1096 782 1308 846 communica·

177 894 301 969 uerunt,
325 891 588 957 confirmationem
607 890 692 955 Petri
711 889 922 973 episcopatus,
945 886 1100 972 adquam
1123 887 1307 970 pellendum
1333 911 1346 951 s

175 995 266 1060 missi
300 995 433 1075 rueram,
470 995 645 1060 deferentes
682 998 775 1078 atquc
812 994 1016 1059 contumelias
1052 995 1084 1058 in
1121 994 1304 1076 episcopum

123 1107 164 1170 29
175 1101 343 1167 Iohannem
366 1102 479 1166 Acacio
498 1102 686 1168 rescribente
703 1103 874 1184 portantes.
894 1101 1008 1183 quihus
1029 1102 1205 1165 commotus
1224 1119 1307 1183 papa

173 1207 376 1272 beatissimus
404 1207 512 1272 habita
538 1205 655 1291 synodo
682 1205 820 1272 Uitalem
849 1209 881 1271 ct
902 1205 1058 1270 Misenum
1083 1205 1120 1269 ab
1145 1204 1249 1270 officio
1273 1193 1306 1269 et

174 1313 392 1385 communione
425 1312 588 1397 suspendit
611 1332 654 1378 oc
686 1311 797 1377 deinde
830 1312 989 1379 damnauit
1018 1311 1179 1376 Acacium.
1213 1312 1303 1377 cuiuis

172 1413 283 1503 postca
317 1419 448 1485 audacia
483 1419 646 1485 deteriora*
672 1417 871 1483 committens
906 1417 1001 1482 eham
1040 1417 1132 1482 illum
1173 1417 1303 1483 Petrum
1320 1442 1343 1481 ro

172 1525 402 1591 Antiochenam
435 1526 535 1597 eiecto
567 1526 721 1591 catholico
754 1522 941 1591 calendione
974 1543 992 1590 a
1023 1543 1057 1589 se
1089 1523 1232 1590 ordinato
1265 1525 1303 1590 ad

172 1631 399 1698 Antiochenam
419 1633 509 1698 misit
530 1633 705 1699 ecclesiam.
1258 1649 1261 1654 ·

120 1831 162 1896 30
215 1826 389 1909 Postquam
433 1825 587 1893 Iohannes
632 1827 813 1909 superuenit
857 1826 1035 1910 episcopus,
1080 1845 1172 1909 quem
1220 1827 1303 1890 sicut

173 1932 312 2015 oportuit
337 1933 478 2000 Romana
499 1934 640 2018 suscepit
663 1935 805 2011 ecclesia,
829 1936 957 1999 sanctus
980 1951 1060 2017 papa
1080 1932 1169 1999 Felix
1191 1933 1302 2018 legati·

173 2057 273 2116 onem,
301 2041 338 2103 ut
364 2039 484 2105 dictum
511 2043 569 2105 est.
598 2039 763 2105 ordinauit.
791 2059 870 2122 quae
898 2039 982 2123 apud
1009 2038 1148 2123 perditos
1180 2039 1302 2104 animos
1320 2063 1341 2101 s

171 2144 321 2228 quicquid
344 2147 397 2210 est·
415 2144 600 2210 hostilitatis
619 2138 743 2226 experta
761 2148 818 2221 est
837 2165 910 2210 nam
929 2145 1056 2211 detursa
1071 2145 1104 2210 in
1123 2145 1301 2210 custodiam

170 2249 301 2332 perditis
320 2251 435 2315 chortis
451 2270 522 2315 cum
537 2250 646 2335 mandi
661 2251 717 2316 uir
726 2251 879 2317 remeauit
893 2252 1068 2336 obprobrio,
1081 2251 1301 2335 episcopatum

206 2474 328 2531 lcartes
345 2473 391 2528 ΒΔ
463 2474 629 2529 commiserint
645 2474 673 2527 Β
759 2474 943 2530 2debnerant
964 2475 1028 2530 VB:
1050 2475 1202 2530 debuerunt
1219 2476 1303 2530 PAW

128 2614 130 2618 Α
169 2576 268 2631 negare
286 2563 327 2615 ΓΔ
399 2560 539 2633 uoluntate
557 2561 604 2626 BA
693 2563 806 2632 3egcre
828 2563 866 2618 V:
884 2567 998 2633 egernot
1014 2563 1102 2626 PAW.
1121 2567 1255 2632 negcrnnt
1271 2564 1298 2617 Β

170 2651 252 2718 atquc
271 2659 335 2718 (pro
354 2653 402 2703 eut
420 2653 499 2720 quae)
518 2654 535 2704 Δ
600 2651 622 2706 4Ἰ
636 2653 761 2721 poterant
778 2652 900 2722 expedire
922 2651 960 2706 V.-
978 2651 1101 2723 erpcdire
1119 2652 1249 2722 (expetire
1266 2655 1296 2710 Δ)

168 2739 295 2807 poterant
315 2737 383 2792 ΒΓΔ
489 2737 612 2793 fecerunt
638 2738 676 2794 V,-
698 2755 748 2796 om.
770 2739 840 2793 Bne
946 2740 1027 2796 ctiam
1052 2739 1174 2795 BPAW:
1196 2757 1247 2797 om.
1275 2740 1301 2793 V

169 2826 425 2891 communicaucrint
441 2826 679 2882 conflrrnsticnch
765 2830 868 2884 sacr
918 2864 922 2871 ·
956 2844 1007 2899 que
1025 2829 1053 2882 Β
1137 2828 1297 2899 >pellendid

168 2913 387 2970 ddeforentisd
434 2915 578 2970 lechscio
595 2918 624 2982 Γ,
638 2916 782 2971 achaticA
836 2917 999 2972 rescribente
1021 2902 1060 2971 V:
1077 2917 1212 2988 dirigente
1229 2918 1295 2973 ΒΓΔ

169 3003 216 3072 (cf.
238 3002 285 3069 W)
351 3003 449 3074 quibus
467 3007 614 3059 commotus
632 3005 703 3075 pepe
718 3005 890 3062 beatissimos
908 3004 1003 3060 habite
1020 3006 1120 3076 synodo
1144 3005 1181 3060 V.-
1200 3007 1296 3078 quihus

168 3090 247 3145 rebus
265 3091 360 3146 habita
378 3091 477 3162 synodo
496 3095 644 3153 commotus
661 3093 833 3167 beatissimus
850 3111 922 3165 papa
938 3093 1051 3148 BPAW
1063 3094 1109 3165 (cf.
1127 3093 1178 3162 W>
1216 3096 1233 3150 8
1250 3113 1295 3150 nc-

169 3189 261 3233 senum
278 3177 307 3233 Β
391 3183 419 3234 et
436 3195 486 3235 om.
505 3179 532 3234 V
616 3182 684 3236 tice
702 3181 797 3237 deinde
816 3182 956 3238 damnauit
972 3183 1090 3238 cosmum
1108 3183 1146 3238 V:
1163 3185 1294 3239 acacinm·

169 3285 220 3339 que
244 3269 445 3338 (achacinmque
459 3270 493 3332 Τ,
516 3268 753 3340 achstinmqucd)
777 3271 916 3326 damnauit
931 3270 999 3325 ΒΓΔ
1086 3273 1120 3327 10
1141 3276 1239 3342 postca
1260 3273 1293 3326 V:

168 3372 219 3413 oss.
237 3355 350 3411 BPAW
407 3357 596 3412 comittensl'
647 3358 724 3413 illnnn
741 3375 792 3414 om.
811 3359 839 3412 B
892 3361 924 3418 11
944 3359 1114 3428 antiocenum
1133 3359 1168 3425 Β,
1188 3361 1293 3417 anthio-

168 3447 299 3498 cenuml'
362 3445 447 3500 electo
470 3444 498 3499 V
557 3445 753 3501 catholicnmd
822 3447 1004 3518 calendionem
1023 3452 1050 3514 A,
1068 3449 1256 3519 kalendionem
1265 3453 1293 3504 'P

168 3550 231 3587 ase
249 3532 371 3587 ordinato
395 3533 432 3586 V.-
449 3550 528 3603 qnem
546 3534 603 3603 ipse
622 3533 793 3589 ordinancrst
805 3535 918 3602 13ch
965 3537 1000 3592 ad
1018 3540 1102 3593 ωιΔ
1142 3540 1174 3593 12
1189 3541 1291 3594 anthio-

169 3635 259 3691 cenam
269 3620 299 3684 Γ,
313 3621 494 3676 acatiocenam
502 3621 538 3686 Β,
553 3623 743 3678 antiochiamA
799 3625 936 3679 ecclesiam
948 3626 1105 3680 mnrcrnB
1142 3628 1187 3698 13]
1202 3628 1242 3701 §§
1255 3624 1292 3682 30

168 3713 193 3763 et
212 3711 254 3776 31,
276 3725 347 3777 caco
367 3709 443 3764 cotue
467 3709 573 3765 whehet
593 3710 627 3778 V,
652 3711 692 3766 od
706 3711 796 3781 theom
813 3717 963 3767 domatum
979 3730 1037 3768 noo
1048 3715 1190 3784 petineat
1207 3715 1292 3772 scdci

162 3796 313 3866 poneiorc
335 3801 487 3867 temporeo
504 3799 594 3854 amodo
616 3805 669 3870 quo
692 3800 806 3855 additae
821 3806 886 3856 coest
902 3801 983 3870 idque
999 3803 1050 3868 sta,
1068 3808 1100 3858 ut
1115 3805 1204 3868 acerba
1220 3806 1291 3878 §30

168 3900 201 3939 ccc
216 3884 304 3953 ipsius
321 3890 456 3940 tractatus
472 3886 513 3958 §§
529 3889 570 3941 23
587 3892 612 3942 ct
622 3890 664 3942 28
676 3888 868 3965 cosatcrmtm.
921 3892 992 3945 sicut
1004 3893 1125 3962 oportuit
1136 3893 1190 3949 leuc
1204 3901 1290 3949 trans·

162 3972 248 4042 ponci
269 3973 329 4028 coll.
352 3973 373 4045 §
394 3978 442 4039 23,
464 3968 538 4031 cade
559 3976 626 4031 hacc
648 3976 790 4047 mpla
810 3983 889 4034 aaut:
906 3985 972 4048 poet
993 3983 1025 4034 ut
1047 3980 1216 4048 dictumest
1237 3985 1289 4052 (15)

167 4060 273 4114 οωὴῶιί
293 4061 320 4115 V
407 4064 438 4118 15
462 4063 581 4133 perditos
603 4064 707 4119 animos
723 4065 834 4134 smirci.-
855 4068 1022 4137 praedicatos
1040 4068 1144 4124 animos
1166 4071 1199 4137 V,
1218 4089 1290 4144 prae·

165 4147 255 4202 dictos
273 4167 365 4215 omnes
384 4150 411 4203 ο2
466 4152 497 4205 17
515 4151 615 4222 perditi
637 4152 669 4218 V,
688 4168 788 4209 como
860 4154 960 4226 grande
983 4155 1010 4210 V
