2904 4672
564 266 651 338 epist.
670 266 806 324 exxrun
827 267 974 335 ise-158.
1261 271 1324 335 273

194 465 347 535 relation03
361 464 486 525 hominis
500 465 575 524 enim
590 464 719 538 genetrix
740 467 853 535 natura,
872 464 940 538 qnia
953 467 1036 525 horno
1056 468 1118 525 erat
1131 469 1160 524 et
1176 466 1206 524 in
1226 469 1326 524 uentre

194 555 313 623 Mariae,
338 555 387 627 qni
410 556 439 612 et
459 554 599 628 prooessit
620 552 702 623 inde}
727 554 772 612 dei
795 556 890 612 antem
913 554 1051 630 genetrix,
1076 555 1142 628 qnia
1173 556 1242 612 dens
1266 557 1328 613 erat

195 644 227 702 in
250 643 363 703 homine
386 646 464 714 neto,
487 660 545 701 non
567 643 647 701 illum
676 642 908 717 circumscriptus
935 644 1092 713 seeundum
1120 647 1252 703 naturam
1275 643 1327 702 sed
1392 649 1394 655 ’

122 788 127 805 ,
196 733 274 806 qnod
296 731 325 790 in
350 749 382 791 eo
407 734 467 806 erat
489 731 605 790 adieotu
627 731 795 790 uoluntatis.

163 909 177 951 s
241 883 276 949 in
300 904 395 966 supra
417 885 533 966 soripto
558 884 795 968 quadragesimo
820 886 928 966 quarto
953 885 1091 967 capitulo
1112 882 1327 949 dieitur‘oum
1352 889 1424 955 157,

197 1010 271 1076 ergo
307 990 509 1075 interrogent,
546 990 681 1055 hominis
719 991 857 1075 genetrix
894 993 949 1056 aut
985 990 1034 1056 dei
1066 991 1197 1075 genitrix
1228 991 1329 1056 Maria

198 1095 331 1161 dicatur‘
357 1099 437 1168 <et>
466 1096 555 1177 quasi
583 1115 618 1161 ex
644 1097 861 1177 respondentis
888 1115 1020 1179 persona
1050 1097 1167 1165 dieitnn
1195 1100 1327 1179 utraque

198 1201 261 1267 diei
289 1203 321 1266 et
348 1201 530 1292 adiungitur
555 1203 664 1266 ‘unum
691 1202 818 1284 quidem
844 1206 956 1267 natura
981 1203 1035 1280 rei,
1064 1204 1195 1266 aiterum
1222 1206 1328 1268 autem

197 1307 361 1373 relatione'
383 1309 415 1372 et
437 1307 562 1372 additur
584 1307 728 1372 ‘hominis
753 1307 835 1372 enim
855 1308 986 1391 genitrix
1004 1311 1124 1384 natura,
1144 1307 1327 1390 quiahomo

154 1439 179 1478 10
199 1417 266 1477 erat
293 1416 325 1478 et
350 1413 382 1477 in
409 1416 516 1478 uentre
544 1413 671 1492 Mariae,
700 1413 754 1496 qui
781 1415 812 1478 et
838 1414 992 1497 prooessit
1021 1413 1110 1489 inde3
1144 1413 1193 1478 dei
1222 1415 1327 1478 antem

199 1519 351 1603 genetriu,¹
372 1520 446 1601 quia
469 1519 546 1584 deus
570 1519 684 1584 eratin
703 1520 828 1585 homine
846 1520 931 1585 nato'
948 1522 979 1585 et
997 1519 1131 1588 adicitur
1147 1521 1217 1584 ‘non
1235 1520 1325 1584 illum

200 1624 455 1706 oiroumsen'ptus
480 1625 651 1688 seeundum
672 1629 815 1689 naturam
839 1627 894 1690 sed
913 1625 995 1708 quod
1013 1625 1043 1689 in
1065 1645 1100 1690 eo
1120 1628 1186 1690 erat
1203 1625 1328 1690 adfectu

199 1730 401 1796 uoluntatis‘:
425 1749 504 1814 qnae
527 1731 624 1794 uerba
645 1731 723 1795 item
745 1734 777 1795 et
798 1731 917 1798 nudum
939 1731 1098 1796 hominem
1118 1730 1279 1800 Christum
1297 1733 1330 1795 et
1354 1735 1415 1802 158

200 1836 280 1901 duos
308 1835 391 1902 filios
423 1838 533 1910 beatae
565 1837 681 1901 Mariae
714 1835 937 1900 demonstrant.
970 1835 1054 1918 quod
1085 1836 1139 1919 qni
1169 1837 1215 1900 ita
1246 1836 1329 1918 sapit

154 1970 180 2011 1⁵
201 1945 294 2009 docet
321 1943 421 2007 eredit
447 1945 504 2006 aut
529 1943 688 2025 praedicat
718 1946 750 2007 et
780 1962 841 2006 non
873 1942 967 2007 deum
998 1942 1139 2020 uerbum,
1172 1942 1225 2024 qui
1257 1946 1328 2006 ante

200 2049 305 2115 ornnia
332 2050 458 2114 saecula
485 2068 520 2112 ex
546 2052 634 2132 patre
660 2049 860 2113 ineffabiliter
885 2052 977 2112 natus
1004 2050 1062 2125 est,
1086 2047 1216 2125 eundem
1235 2057 1322 2124 (ex)

200 2157 309 2220 saneta
333 2155 456 2238 uirgine
483 2155 592 2232 Maria,
621 2155 704 2219 siout
733 2155 765 2218 in
797 2155 896 2238 primo
929 2154 1066 2238 capitulo
1099 2154 1243 2232 dirimire,
1275 2171 1330 2236 per

201 2260 370 2325 secundam
399 2261 598 2325 natiuitatem
626 2280 715 2324 suam
741 2260 935 2325 incarnatum
967 2263 999 2324 et
1028 2262 1137 2324 natum
1159 2271 1267 2324 ⁴unum
1296 2258 1328 2322 in

201 2368 332 2447 utraque
373 2369 482 2430 natura
527 2366 692 2431 inconfusa
734 2366 995 2448 inseparabilique
1041 2365 1214 2449 cognoscit,
1260 2373 1327 2429 ana-

154 2503 182 2544 20
200 2471 308 2535 thema
330 2469 381 2534 Sit.
706 2492 710 2495 '

238 2661 301 2713 let
324 2659 360 2713 V:
377 2674 427 2715 om.
452 2659 476 2712 0
561 2660 660 2729 tonia
681 2660 713 2714 0:
734 2676 786 2728 qua
809 2658 835 2711 V
908 2659 1019 2713 dilium
1042 2657 1078 2712 V:
1097 2659 1125 2711 in
1142 2659 1190 2711 illo
1207 2662 1276 2712 reete
1297 2657 1330 2712 0²

200 2748 249 2802 sed
278 2746 394 2816 Uiyiliue
421 2763 520 2801 renero
544 2747 620 2800 illurn
648 2748 717 2816 teuit,
744 2748 780 2816 es.
807 2748 886 2815 infra
915 2763 938 2801 o.
970 2751 1001 2801 11
1030 2747 1148 2813 (homine
1179 2751 1243 2800 nato
1275 2763 1328 2800 non

202 2834 268 2887 deus
287 2833 335 2887 red
354 2833 425 2902 quod
443 2834 472 2886 in
490 2849 521 2887 eo
539 2833 645 2888 oneieaie
662 2833 828 2888 intermediis
847 2834 890 2902 0¹)
957 2835 972 2888 6
991 2834 1188 2902 interrogarent
1209 2834 1240 2900 V,
1260 2833 1328 2888 eor'r.

201 2923 271 2976 Bor.
340 2923 403 2974 iet
421 2921 531 2976 addidi:
550 2937 601 2977 om.
625 2921 651 2974 V
707 2921 737 2974 11
758 2921 876 2990 genetris
898 2921 925 2974 V
976 2921 1009 2976 13
1027 2921 1099 2974 idem
1123 2921 1153 2987 V,
1173 2937 1240 2976 corr.
1259 2922 1328 2975 Bor.

203 3011 237 3064 14
255 3009 338 3079 morie
361 3008 388 3062 V
440 3010 472 3063 16
491 3025 522 3063 ex
540 3009 605 3072 odd.
625 3009 694 3063 Bor.
751 3010 783 3062 19
802 3009 976 3078 inseparabili
996 3025 1046 3078 qne
1071 3009 1096 3063 V
