2904 4672
172 231 213 294 20
320 223 467 280 Marcellini
485 225 513 276 et
529 221 651 276 Faustini
665 220 703 275 -de
722 219 887 275 confessione
904 235 983 273 uerae
1001 218 1063 273 fidei
1082 218 1132 273 etc.

169 420 281 503 impias
303 437 363 483 non
386 414 550 482 habebant.
574 415 630 480 sed
651 414 722 478 ideo
745 413 878 477 nominis
891 411 985 477 istius
1000 412 1093 476 etiam
1116 412 1293 477 cumomni

170 524 318 590 dedecore
342 515 548 606 quaerebatur
570 519 747 597 auctoritas,
771 537 809 583 ne
831 519 895 583 illis
913 518 1127 601 possessiones
1141 519 1292 584 ecclesiae

169 631 362 707 tollerentur,
394 647 471 709 quas
502 627 621 690 utinam
653 643 822 707 numquam
853 624 1047 707 possedisset
1081 623 1225 703 ecclesia,
1256 626 1294 688 ut

169 735 343 819 apostolico
373 729 459 798 more
490 732 602 796 uiueus
632 730 726 794 fidem
756 730 907 813 integram
939 729 1163 794 inuiolabiliter
1193 729 1292 812 possi-

170 841 270 906 deret!
295 844 327 905 et
348 857 430 904 nuuc
452 839 502 902 his
525 837 642 902 talibus
665 855 726 900 non
750 835 978 900 communicare
1001 855 1124 900 summa
1145 835 1292 917 impietas
1321 856 1333 895 a

170 946 285 1010 dicitur
307 948 338 1009 et
360 946 418 1009 hoc
442 944 501 1008 sub
524 943 615 1008 uobis
638 943 889 1024 imperatoribus,
922 941 985 1024 qui,
1016 945 1054 1005 ut
1074 943 1199 1006 uestrae
1222 960 1293 1007 con-

170 1052 351 1116 stitutiones
361 1052 533 1126 elocuntur,
545 1048 730 1113 uenerabilis
742 1048 891 1113 ecclesiae
906 1046 1044 1112 diuinam
1058 1047 1294 1112 sanctimoniam

115 1218 116 1221 ,
170 1157 337 1222 uindicatis
360 1155 434 1241 (uon
457 1161 507 1219 est
528 1157 633 1218 autem
655 1154 780 1232 mirum,
804 1154 832 1218 si
854 1154 930 1218 haec
961 1156 1026 1216 tam
1049 1152 1165 1217 atrocia
1188 1171 1293 1218 eorum

120 1259 338 1329 theommiss'a
361 1261 505 1343 occupati
525 1261 573 1324 rei
593 1261 736 1342 publicae
759 1260 991 1341 pronisionibus
1018 1257 1193 1343 ignoratis).
1237 1259 1295 1322 has

171 1388 277 1434 eorum
308 1368 486 1451 impietates
519 1368 693 1430 execrantes
726 1366 874 1447 episcopi,
916 1365 969 1447 quui
1000 1384 1055 1446 pro
1086 1364 1147 1429 fide
1178 1383 1295 1448 poenas
1314 1386 1339 1424 ro

171 1474 256 1538 exilii
276 1472 528 1556 perpetiebantur
548 1472 602 1535 uel
624 1471 677 1553 qui
701 1490 734 1536 se
756 1471 788 1534 in
802 1471 908 1554 fugam
923 1470 1083 1549 dederunt,
1096 1471 1172 1535 licet
1190 1473 1298 1535 essent

171 1597 297 1662 corpore
320 1577 446 1642 discreti
468 1596 522 1660 per
534 1577 699 1642 interualla
711 1577 883 1661 regionum,
897 1583 1000 1641 tamen
1016 1577 1127 1659 spiritu
1146 1577 1177 1640 in
1196 1596 1296 1644 unum

82 1739 84 1744 .
171 1685 267 1768 positi
286 1704 342 1768 per
363 1686 489 1747 mutuas
510 1684 632 1748 litteras
665 1683 837 1764 apostolico
869 1683 976 1766 uigore
1009 1683 1178 1747 decernunt
1208 1685 1297 1749 nullo
1349 1691 1355 1699 '

173 1810 283 1875 genere
306 1790 423 1854 talibus
455 1789 611 1872 episcopis
641 1808 735 1871 posse
768 1788 998 1867 communicari,
1030 1789 1083 1871 qui
1114 1788 1208 1853 fidem
1239 1789 1297 1856 illo

56 1892 57 1897 ’
171 1897 274 1974 modo,
298 1914 358 1978 quo
383 1914 475 1978 supra
496 1895 672 1970 retulimus,
694 1894 907 1977 prodiderunt,
926 1895 986 1958 nisi
1010 1895 1037 1958 ai
1054 1895 1166 1960 laicam
1188 1899 1343 1977 postu-1⁵

122 2000 159 2062 51
171 2001 305 2067 lauerint
317 1999 565 2082 communionem
581 1999 721 2063 dolentes
733 2000 797 2063 suis
807 1998 1033 2081 impietatibus.
1101 1999 1157 2064 scd
1170 1993 1298 2067 mortuo

174 2105 354 2174 Constantio
385 2109 514 2188 patrono
555 2105 781 2170 haereticorum
812 2106 952 2170 Iulianus
984 2107 1071 2170 solus
1106 2106 1209 2186 tenuit
1240 2107 1299 2171 im-

172 2213 302 2295 perium,
327 2230 362 2275 cx
385 2211 475 2275 cuius
497 2214 663 2294 praecepto
687 2231 793 2276 omnes
816 2211 955 2294 episcopi
977 2212 1123 2277 catholici
1146 2212 1183 2276 de
1198 2213 1299 2278 erili-is

172 2319 354 2382 relaxantur.
378 2318 460 2380 solet
482 2316 541 2380 hoc
563 2317 663 2381 facere
686 2317 844 2394 diuinitas,
858 2321 896 2380 ut
909 2317 1002 2380 etiam
1025 2335 1081 2399 per
1102 2314 1299 2383 aduersarios

174 2422 365 2488 Cluistianae
388 2423 531 2505 religioni
554 2441 628 2487 suae
652 2423 803 2499 consulut,
836 2427 872 2487 ut
893 2425 980 2486 tauto
1012 2424 1123 2507 magis,
1157 2423 1210 2506 qui
1233 2424 1300 2488 cul.
1317 2445 1345 2486 so

8 2552 11 2558 ·
80 2527 257 2594 setores
289 2530 363 2592 mont
385 2527 511 2606 Christi,
543 2548 597 2609 pro
624 2528 767 2593 fidelibus
791 2529 958 2593 elaborent.
1026 2529 1081 2593 sed
1113 2548 1174 2594 non
1196 2531 1300 2596 multo

172 2637 247 2717 post
266 2633 388 2698 Iuliano
410 2633 581 2716 intercepto
608 2624 756 2698 Ionianus
789 2633 925 2699 efficitur
945 2635 1122 2717 imperator,
1155 2636 1209 2717 qui
1230 2639 1301 2700 uin-

174 2739 278 2814 dicans
296 2738 387 2802 fidem
407 2739 592 2803 catholicam
606 2738 693 2803 dedit
710 2740 865 2804 calculum
880 2740 1036 2821 episcopis
1050 2740 1225 2805 catholicis.
1243 2743 1301 2807 sed

173 2845 221 2909 illi
235 2844 352 2928 egregii
367 2844 515 2926 episcopi,
531 2855 751 2927 quamquam)
765 2846 823 2910 sub
835 2844 1017 2910 Constantio
1032 2845 1194 2929 integram,
1205 2866 1302 2930 quam

173 2949 416 3026 uindicauerant,
456 2948 550 3013 fidem
594 2950 750 3015 haeretica
794 2951 1021 3032 subscriptione
1067 2951 1300 3039 damnauerant,¹
1318 2975 1346 3017 ss

174 3054 315 3118 uidentes
348 3053 431 3136 quod
460 3054 628 3137 imperator
657 3075 713 3138 pro
746 3056 909 3120 catholicis
942 3057 1097 3139 episcopis
1119 3057 1302 3136 interuenit,

174 3159 288 3222 iterum
311 3177 345 3224 se
368 3159 407 3224 ad
429 3160 655 3225 contessionem
686 3160 760 3225 fidei
791 3161 976 3227 catholicam
1008 3164 1244 3228 transtulerunt.
1269 3167 1303 3229 et

174 3263 229 3327 uhi
259 3264 320 3327 iam
351 3264 427 3330 fides
460 3268 492 3329 et
521 3267 680 3331 ueneratio
713 3266 829 3331 Christi
861 3253 920 3345 est',
948 3267 1069 3349 quando
1099 3287 1152 3352 pro
1188 3266 1303 3335 terreni

56 3394 59 3398 ·
173 3368 368 3451 imperatoris
392 3371 517 3435 arbitrio
541 3371 680 3454 episcopi
702 3391 783 3438 nunc
806 3391 842 3436 ex
864 3373 1026 3438 catholicis
1048 3373 1129 3442 fiunt
1150 3374 1303 3441 haeretici

175 3476 207 3538 et
227 3473 310 3538 idam
332 3474 394 3555 ipsi
424 3494 461 3539 ex
491 3477 656 3542 haereticis
689 3477 728 3542 ad
750 3476 844 3541 fidem
872 3477 1057 3544 catholicam
1080 3484 1301 3547 reuertuntur?
1319 3505 1348 3546 co

123 3578 231 3648 53sed
253 3579 314 3644 etsi
336 3579 460 3661 quidam
484 3582 677 3648 confessores
699 3583 824 3666 fatigati
844 3583 876 3646 in
900 3584 1011 3650 ultimo
1029 3585 1140 3650 tabum
1160 3605 1196 3651 se·
1217 3606 1285 3652 com

174 3683 313 3748 munioni
343 3685 517 3770 iungendos
549 3706 618 3752 esse
651 3687 847 3753 crediderunt
879 3692 1054 3755 euertentes
1085 3691 1141 3756 illa
1170 3695 1300 3771 statuta,

127 3843 129 3848 .
175 3808 255 3872 quae
277 3790 363 3871 prius
387 3791 536 3856 aduersus
560 3811 613 3857 coa
635 3794 817 3876 prophetica
850 3798 881 3858 et
904 3797 1085 3880 euangelica
1112 3802 1205 3880 atque
1228 3818 1301 3881 apo·

206 4011 245 4074 ¹20
263 4012 402 4082 religionis
425 4013 455 4078 V,
475 4017 578 4071 correct
651 4017 686 4070 22
703 4017 826 4072 iobianus
849 4018 876 4072 V
960 4020 994 4074 24
1013 4036 1173 4093 quamquam
1190 4021 1301 4090 scn'psi:

178 4114 256 4168 quom
280 4099 306 4152 V
356 4101 389 4154 32
408 4103 499 4156 statua
522 4103 552 4168 V,
572 4119 637 4158 corr.
659 4103 685 4156 οΞ
