2904 4672
225 260 266 324 62
368 255 409 309 De
425 255 467 309 hia
487 271 554 324 quae
573 255 643 307 inter
660 253 824 307 Bonifatium
844 256 872 306 et
889 251 1023 306 Eulaliam
1041 233 1202 322 gestarunt

225 451 325 513 tatum
361 449 565 529 usurpauerat
601 445 638 510 de
670 445 886 528 episcoporum
915 445 1074 522 electione,
1107 445 1281 512 summouit
1311 464 1346 511 ae

226 554 332 619 diuina
357 553 535 635 pronisione
561 553 641 615 iuter
666 551 756 615 initia
783 551 946 629 resecauit,
976 550 1060 633 quod
1080 551 1230 616 tarditate
1251 553 1347 636 impe

226 661 303 725 ritae
325 658 537 724 multitudinis
561 657 773 722 arescentibus
796 657 909 720 studiis
933 656 1092 721 difficilius
1115 657 1274 739 potuisset
1296 675 1347 722 aa·

185 766 203 827 2
226 767 309 843 ferri,
337 765 454 830 domiui
480 764 690 847 imperatores.
759 764 797 828 ob
825 782 916 846 quarn
941 782 1010 828 reru
1037 764 1144 828 statim
1172 763 1278 830 debito
1306 763 1348 828 f-

227 872 350 937 malatu
377 871 516 954 implere,
540 889 619 953 quae
650 871 774 935 fueraut
803 870 964 953 imperata,
992 870 1154 953 properaui
1187 873 1229 946 et,
1266 869 1349 953 quod
1376 890 1388 929 n

228 976 370 1042 felicitati
393 976 575 1042 clementiae
598 980 721 1041 uestrae
740 975 956 1040 ascribendum
976 978 1034 1053 est,
1051 995 1101 1041 res
1124 975 1199 1041 noui
1217 975 1349 1059 exempli

229 1086 261 1148 et
286 1083 437 1148 maximae
469 1082 674 1147 contentionis
706 1082 872 1166 magnique
899 1082 1075 1147 certaminis
1097 1084 1135 1146 ut
1154 1091 1264 1156 <nou>
1284 1081 1350 1146 sine

230 1189 435 1254 commotione
462 1189 570 1272 populi
598 1191 708 1272 coepta
734 1187 846 1265 fuerat,
873 1188 917 1252 ita
944 1190 1033 1253 salua
1059 1187 1223 1254 clementia
1245 1190 1351 1252 uestra

188 1295 207 1356 3
231 1314 302 1360 cum
325 1295 424 1359 totius
446 1294 658 1359 multitudiuis
682 1295 786 1377 quiete
808 1293 896 1359 finita
918 1296 977 1359 est.
1026 1313 1097 1358 uam
1120 1311 1191 1357 cum
1214 1311 1251 1359 oo
1273 1295 1351 1358 tem-

231 1419 305 1483 pore
332 1400 371 1465 ad
398 1420 448 1465 me
476 1419 563 1466 sacra
590 1402 709 1484 perlata
741 1402 825 1465 asset
855 1400 1035 1477 auctoritas,
1067 1417 1127 1482 quo
1160 1398 1260 1464 sancti
1292 1397 1352 1463 diei
1369 1417 1392 1458 a

233 1509 297 1571 erat
311 1506 493 1571 celebranda
511 1507 713 1582 sollemnitas,
733 1507 850 1581 statim,
874 1508 911 1570 ut
932 1506 1103 1589 oportebat,
1126 1505 1224 1569 misse
1247 1503 1352 1588 primi·

233 1611 347 1677 scrinio
365 1612 558 1676 Bonifatium
576 1622 613 1676 ut
630 1612 668 1676 ad
680 1631 735 1677 me
754 1612 876 1677 ueniret
893 1611 1038 1676 admonui
1057 1611 1140 1694 quod
1152 1612 1353 1693 praeceptum

234 1719 334 1781 fuerat
365 1717 528 1802 agniturus
560 1735 595 1782 ac
628 1736 661 1782 se
693 1737 711 1781 a
742 1718 948 1800 processione,
981 1736 1074 1800 quam
1101 1715 1162 1781 sibi
1187 1715 1355 1780 inhibitam

236 1822 394 1898 didicerat,
411 1823 588 1888 abstineret.
612 1824 665 1906 qui
689 1824 890 1890 conuentione
905 1825 1082 1906 contempta
1094 1823 1247 1906 processit
1262 1826 1355 1904 atquc

195 1931 214 1990 l
238 1947 320 2005 euru,
343 1948 435 2012 quem
459 1929 637 2007 direxeram,
661 1930 746 1994 dedit
767 1930 881 2013 populo
905 1929 1139 1996 uerberaudum.
1194 1928 1278 2011 quod
1301 1928 1356 1993 ubi
1374 1945 1397 1984 1⁵

239 2034 415 2099 nuntiatum
442 2039 500 2112 est,
528 2035 633 2101 habito
661 2055 732 2101 cnm
759 2055 790 2101 u.
820 2055 846 2100 c.
873 2035 997 2100 tribuno
1021 2018 1190 2101 'Serenianc
1219 2036 1356 2098 tractatu

239 2139 276 2202 ad
308 2143 449 2205 sanctum
482 2141 657 2222 apostolum
689 2141 832 2216 Paulum,
864 2160 926 2225 quo
958 2148 1153 2216 conuenerat,
1187 2141 1219 2203 et
1250 2156 1357 2204 sacrae

240 2245 424 2328 exemplaria
453 2265 507 2328 pro
541 2247 661 2312 cautela
693 2247 797 2323 direxi,
820 2266 858 2310 ue
886 2246 960 2329 quid
982 2248 1003 2328 †
1025 2246 1169 2311 iniuriam
1199 2244 1359 2337 publicam

240 2351 276 2413 de
304 2351 477 2432 praeceptis
504 2351 646 2415 immissa
673 2352 842 2417 multitudo
870 2353 1047 2435 temptaret,
1072 2355 1104 2415 et
1125 2353 1244 2434 partem
1269 2349 1353 2414 offici

202 2460 220 2519 5
246 2456 360 2538 pariter
386 2455 550 2524 destinaui.
618 2457 672 2522 sed
699 2460 844 2523 neutrum
869 2457 936 2522 fieri
957 2476 1068 2541 passus
1091 2476 1163 2522 cum
1189 2455 1227 2520 ad
1250 2456 1361 2519 urbem
1379 2471 1406 2510 ιο

238 2561 334 2625 uellet
347 2580 418 2625 cum
436 2562 552 2644 populo
570 2583 715 2640 remeare,
735 2565 841 2628 statim
860 2564 897 2627 ad
916 2567 1020 2647 portas
1038 2567 1103 2629 tam
1122 2562 1359 2628 contubernales

239 2685 331 2748 quam
358 2668 545 2749 apparitores
573 2673 780 2743 occurrerunt,
808 2669 861 2751 qui
890 2688 970 2745 enm,
1000 2671 1036 2732 ut
1063 2669 1215 2731 statutum
1244 2665 1358 2744 fuerat,

238 2771 347 2836 urbem
369 2776 507 2837 uestram
530 2773 649 2858 ingredi
670 2775 876 2856 prohiberent.
901 2793 1009 2839 uerum
1032 2773 1118 2856 ipsos
1140 2789 1264 2855 quoque
1287 2789 1360 2836 cou-

240 2878 420 2943 temnendos
450 2880 581 2943 credidit
612 2885 705 2963 atque
736 2881 889 2945 uiolenter
919 2882 1078 2965 ingressus
1112 2898 1130 2943 a
1161 2880 1244 2942 certa
1270 2877 1360 2942 urbis

241 2987 325 3062 parte
348 2983 489 3064 pluribus
513 2986 744 3051 occurrentibus
768 2988 818 3050 est
838 2987 982 3067 repulsus
1001 3003 1057 3050 uec
1075 2983 1256 3066 permissus,
1275 2981 1362 3064 quod
1380 3000 1408 3041 aa

243 3087 408 3170 cogitabat,
435 3090 573 3172 implere.
602 3091 684 3174 quod
711 3092 766 3155 ubi
789 3092 880 3155 turba
901 3110 978 3173 quae
1002 3089 1208 3155 comitabatur
1230 3087 1359 3170 aspexit,

200 3197 218 3257 6
243 3192 308 3256 sine
336 3194 438 3275 aliquo
468 3197 607 3260 tumultu
635 3195 775 3277 dispersa
801 3199 858 3262 est.
925 3197 993 3280 ipse
1021 3214 1093 3259 uero
1121 3197 1204 3258 extra
1235 3211 1361 3257 murum
1394 3224 1400 3234 ·

243 3297 395 3392 deductus
423 3319 483 3364 nou
510 3302 608 3387 louge·
630 3302 667 3366 ab
696 3302 771 3366 urbe
798 3305 978 3369 remoratur.
1006 3301 1059 3385 qui
1087 3319 1124 3364 ne
1151 3299 1273 3364 occulte
1305 3315 1361 3381 per

243 3407 365 3469 noctem
392 3406 551 3490 ingressus
579 3408 687 3472 urbem
714 3408 753 3472 ad
785 3409 949 3473 ecclesiam
981 3406 1159 3473 conuolaret
1190 3407 1222 3470 et
1252 3422 1361 3468 rursus

244 3509 350 3590 populi
377 3509 480 3573 studia
507 3515 726 3587 commoneret,
756 3512 911 3577 communi
937 3514 1071 3577 tractatu
1094 3530 1148 3594 pro
1172 3507 1361 3590 competenti
1380 3529 1406 3569 aa

279 3683 295 3734 4
314 3682 347 3735 D.
366 3681 514 3752 Imperator
525 3684 609 3740 Iurat.
658 3688 674 3740 5
694 3690 722 3740 et
744 3685 770 3739 V
786 3688 902 3751 (errauit
918 3674 1046 3756 Mcpcrss'
1058 3703 1087 3739 eo
1102 3686 1170 3739 Bar.
1233 3683 1305 3754 quod
1324 3682 1361 3738 0²:

245 3785 296 3837 quc
315 3769 341 3823 V
391 3771 531 3824 lmaxime
554 3771 580 3825 V
647 3790 699 3828 uon
719 3773 784 3829 cdd.
803 3773 829 3826 ο2
883 3775 915 3828 12
933 3774 1052 3829 Bonifac.
1072 3773 1105 3827 ad
1123 3789 1165 3827 me
1183 3773 1274 3827 uenire
1292 3773 1362 3827 Bor,

246 3858 316 3926 quod
335 3877 364 3911 c:
384 3859 448 3929 qnid
471 3859 497 3913 V
540 3861 571 3915 13
590 3863 741 3930 agniturum
765 3862 796 3929 V,
815 3864 917 3917 correxi
977 3879 1006 3916 ac
1029 3862 1067 3916 V:
1085 3867 1115 3916 ut
1132 3863 1216 3916 Iurat.
1266 3862 1299 3915 14
1317 3861 1362 3930 qui

246 3946 327 4000 Bac:
345 3948 489 4017 quiqueV
543 3949 574 4002 18
586 3950 644 4011 <iu>
656 3951 778 4004 iniuriam
796 3951 865 4004 Bar.
883 3951 978 4019 Meyer
1036 3952 1067 4004 19
1085 3951 1205 4003 immissa
1226 3950 1263 4003 V:
1280 3949 1364 4002 inscia

247 4035 291 4088 uel
303 4036 437 4090 inconscia
449 4037 556 4105 Manem
571 4054 603 4091 ne
618 4038 682 4107 quid
695 4040 795 4093 incuria
808 4040 914 4109 publica
928 4038 965 4093 de
975 4039 1123 4108 praeceptis
1136 4038 1252 4092 admissa
1263 4037 1363 4091 Harrei

244 4129 389 4178 rtenuararet
406 4124 489 4178 Iurat.
549 4127 582 4179 27
602 4131 668 4194 etp.
688 4128 730 4192 63,
751 4130 762 4180 l
783 4129 836 4181 fine
853 4133 884 4181 ut
900 4128 1009 4182 uidetur
1032 4129 1061 4190 V,
1081 4144 1147 4181 corr.
1167 4145 1184 4177 a
