2904 4672
638 955 701 1039 oo
796 897 797 900 Ὺ

169 1113 250 1169 Quas
275 1113 375 1158 GESTA
398 1113 475 1158 SUNT
497 1113 592 1159 INTER
613 1114 757 1159 amamur
778 1115 817 1160 ΕΤ
840 1115 972 1160 FELICEH
993 1115 1169 1163 EPISGOPOS.

150 1235 356 1316 Temporibus
385 1233 558 1300 Constantii
588 1236 782 1318 imperatoris
814 1235 870 1300 filii
899 1236 1092 1302 Constantini
1124 1237 1229 1301 durior

105 1343 174 1405 orta
197 1345 246 1404 est
268 1340 444 1421 persecutio
464 1340 708 1407 Christianorum
729 1342 766 1406 ab
784 1342 890 1424 impiis
908 1341 1074 1406 haereticis
1089 1342 1226 1407 Arrianis

105 1446 266 1510 annitente
280 1444 473 1524 Constantio,
488 1447 542 1528 qui
561 1450 591 1511 et
603 1446 811 1512 Athanasium
828 1447 1009 1530 episcopum
1027 1448 1225 1514 resistentem

70 1551 271 1615 chaereticis
298 1553 482 1634 persecutus
511 1554 560 1616 est
586 1556 627 1629 et,
651 1555 687 1616 ut
714 1552 909 1616 damnaretur
931 1553 968 1618 ab
997 1553 1140 1618 omnibns
1164 1554 1226 1637 epi-

106 1657 220 1741 scopis,
243 1657 420 1739 imperauit.
449 1658 531 1740 quod
558 1658 653 1722 etiam
679 1662 767 1722 metu
793 1658 942 1743 principis
968 1658 1069 1724 facere
1095 1662 1226 1741 tempta·

105 1765 219 1826 uerunt
254 1781 361 1827 omnes
398 1762 521 1845 ubique
549 1764 713 1846 pontifices
753 1763 929 1828 inauditnm
969 1763 1225 1846 innocentemque

106 1867 305 1945 damnantem
346 1868 401 1933 sed
436 1868 579 1933 Liberius
610 1869 769 1934 Romanus
806 1870 971 1952 episcopus
1009 1875 1040 1934 et
1069 1869 1225 1936 Eusebius
1256 1928 1257 1932 ,
1338 1948 1344 1958 .

105 1973 313 2039 Uercellensis
345 1977 377 2040 et
406 1975 531 2040 Lucifer
562 1975 756 2040 caralitanus
793 1979 825 2040 et
854 1977 994 2040 Hilarius
1029 1975 1225 2042 Pictauensis
1289 2052 1290 2055 Ἴ

58 2102 87 2140 ιο
106 2079 179 2144 darc
202 2079 387 2145 sententiam
410 2082 586 2145 noluerunt.
615 2081 647 2145 hi
676 2101 748 2165 ergo
776 2082 946 2146 mittuntur
966 2082 998 2145 in
1020 2081 1147 2146 exilium
1169 2100 1225 2163 pro

105 2185 167 2250 fide
186 2186 347 2253 seruanda.
393 2206 465 2251 cum
482 2187 605 2252 Liberio
619 2188 774 2252 Damasus
793 2187 941 2252 diaconus
961 2187 1028 2253 eius
1047 2205 1080 2252 se
1099 2187 1227 2251 simulat
1249 2175 1268 2238 2

105 2290 272 2373 proficisci.
303 2292 386 2357 unde
417 2293 540 2376 fugiens
573 2293 611 2357 de
641 2292 752 2357 itinere
783 2293 915 2357 Romam
944 2292 1026 2357 redit
1056 2292 1226 2357 ambitione

106 2401 281 2479 corruptus.
305 2397 361 2462 sed
385 2416 421 2463 eo
445 2398 504 2475 die,
523 2416 583 2481 quo
602 2398 744 2463 Liberius
763 2399 801 2462 ad
820 2397 945 2489 erilium
962 2397 1225 2481 proficiscebatur,

106 2504 208 2567 clerus
232 2503 333 2568 omnis
354 2503 387 2567 id
410 2506 460 2568 est
480 2504 655 2594 presbyteri
681 2507 713 2568 et
738 2503 972 2568 archidiaconus
995 2503 1082 2568 Felix
1105 2511 1137 2569 et
1157 2521 1226 2586 ipse

58 2632 87 2672 rs
104 2609 262 2692 Damasus
295 2608 443 2674 diaconus
471 2611 503 2674 et
530 2611 644 2674 cuneta
670 2609 821 2702 ecclesiae
849 2608 952 2674 officia
979 2627 1085 2674 omnes
1110 2608 1227 2692 pariter

103 2717 267 2796 praesente
284 2715 400 2797 populo
418 2715 558 2780 Romano
577 2717 636 2780 sub
653 2714 850 2780 iureiurando
868 2716 1030 2779 firmarunt
1047 2734 1081 2780 se
1098 2714 1226 2780 uiuente

103 2819 226 2885 Liberio
257 2820 438 2903 pntifieem
470 2823 603 2885 alterum
630 2821 808 2894 nullatenus
836 2820 1007 2886 habituros.
1041 2820 1097 2884 sed
1124 2820 1225 2884 clerus

103 2929 213 2991 contra
233 2926 291 3005 fas,
315 2925 397 3008 quod
419 2925 548 2990 minime
571 2925 710 3004 decebat,
734 2912 804 2994 eum
824 2945 947 2991 summo
964 2926 1092 3009 periurii
1110 2925 1225 2990 scelere

138 3132 168 3186 1.
185 3132 285 3187 Edidit
301 3149 361 3186 aaa
379 3149 438 3187 cam
456 3150 484 3187 a.
502 3135 521 3186 2
539 3137 565 3187 et
581 3135 621 3186 2a
637 3132 697 3186 Iac.
713 3122 850 3196 Sirmoad,
868 3132 1030 3185 Marcellini
1053 3136 1077 3185 et
1093 3130 1227 3186 Faustini

103 3220 211 3273 libellas
228 3236 340 3288 precam
354 3261 378 3276 ..
394 3221 515 3275 Parisiis
536 3223 627 3287 1650;
696 3237 724 3274 a,
744 3225 759 3272 1
777 3226 802 3274 et
821 3222 917 3272 3-40
934 3219 1019 3273 edidit
1040 3219 1114 3273 Gaii.
1130 3218 1227 3288 Meyer

102 3307 240 3375 Spirensis
256 3309 288 3361 ia
299 3308 444 3362 lodicibus
460 3308 615 3363 scholaram
630 3307 852 3377 Gottiapeasibae
865 3297 942 3361 1888
953 3313 981 3361 ct·
992 3305 1107 3377 ncesse.
1146 3307 1158 3360 1
1177 3307 1225 3361 Ti-

101 3395 160 3449 tado
186 3413 214 3450 nr
236 3412 286 3449 noc
309 3413 394 3450 comer
417 3412 594 3450 courmsunna
620 3410 743 3450 rrrsrorn
763 3412 864 3450 coxam.
892 3410 943 3467 nup
970 3411 1052 3448 onera
1074 3411 1138 3449 surr
1154 3395 1226 3448 ..ia

100 3483 222 3552 aaarpine
244 3481 271 3536 V
289 3500 364 3538 man.
382 3487 398 3536 1
416 3483 574 3552 adscripsit:
598 3481 672 3548 Quae
694 3499 759 3537 nera
781 3485 844 3537 sunt
866 3498 997 3542 uenerans
1022 3481 1225 3553 (uenerareob,

101 3570 194 3636 lector,
213 3587 280 3640 quae
298 3571 326 3625 in
346 3571 538 3625 detractionem
556 3573 659 3625 romani
676 3571 812 3641 pontificis
830 3574 858 3625 et
875 3573 904 3624 in
927 3570 1109 3625 defensionem
1126 3570 1224 3624 hereti·

101 3674 192 3711 comm
209 3659 352 3723 inueneris,
372 3675 444 3713 eane.
458 3659 502 3713 bie
514 3659 546 3713 ia
563 3660 679 3731 codicep
698 3659 778 3714 addit
790 3657 828 3731 p²z
842 3658 895 3712 Illa
907 3658 990 3714 uerba
1007 3659 1116 3713 fnemnt
1134 3657 1226 3717 addita

100 3764 118 3800 a
135 3747 210 3816 Papa
226 3748 352 3802 Marcello
371 3747 401 3802 2⁰
418 3743 571 3802 comesset
594 3749 682 3803 adhuc
704 3748 842 3818 presbyter
864 3747 1004 3802 cardinalis
1027 3747 1154 3802 eeclesiae
1171 3747 1225 3802 Ro·

99 3851 204 3890 manae.
218 3835 250 3890 de
260 3852 313 3905 qao
326 3853 414 3891 errore
424 3836 489 3890 aide
501 3853 571 3907 qaae
585 3837 696 3906 exposui
705 3837 854 3907 Prolcpom.
864 3836 956 3905 canl
991 3835 1171 3891 deonstantii
1184 3833 1222 3888 0²:

100 3923 265 3978 constantini
287 3922 314 3977 V
376 3925 510 3978 3arianis
534 3925 560 3978 V
619 3927 789 3979 tannuente
808 3943 821 3976 o
840 3923 920 3979 Sirm.
984 3925 1180 3981 5danneretur
1201 3922 1228 3977 V

99 4010 249 4066 omibnsV
276 4012 329 4077 ‚10
341 4014 486 4068 mittantur
499 4011 532 4077 V,
546 4029 613 4068 corr.
629 4012 656 4064 0²
704 4013 735 4067 ll
751 4014 849 4067 simula
863 4014 895 4078 V,
910 4029 979 4070 corr.
994 4034 1012 4067 a
1061 4013 1092 4067 13
1107 4012 1178 4083 qnod
1191 4011 1223 4077 V,

99 4115 167 4154 corr.
186 4099 266 4154 Sirm.
323 4101 355 4154 16
373 4118 482 4155 romano
502 4119 531 4156 o:
549 4119 645 4156 umano
668 4103 694 4156 V
747 4102 780 4156 18
799 4101 907 4168 dicebat
928 4101 961 4168 V,
979 4118 1046 4160 coir.
1065 4119 1079 4152 o

151 4222 240 4266 xxxv.
1121 4205 1135 4259 l
