2904 4672
571 250 657 319 Epist.
676 249 738 304 xvr
757 251 774 303 a
792 281 826 289 -
844 249 921 302 xvu
939 250 963 303 a.
1293 253 1334 316 63

174 478 178 483 -
206 443 418 508 sollicitudine
447 444 683 509 contubernales
712 448 744 508 et
770 444 960 526 apparitores
993 447 1140 527 quattuor
1170 445 1235 509 illic
1269 445 1335 509 sine

204 549 317 613 iniuria
340 550 407 614 eius
432 549 596 614 obseruare
620 549 776 633 disposui:
801 554 975 633 expectans,
999 550 1075 633 quid
1101 551 1202 634 pietas
1229 553 1336 615 uestra

205 655 359 732 decernat,
379 658 416 719 ut
434 654 522 737 quies
540 654 651 738 possit,
671 676 749 739 quae
769 659 919 722 hactenus
939 660 1063 721 seruata
1082 658 1139 732 est,
1158 655 1334 739 perdurare.

205 760 288 825 cirea
309 764 430 842 partem
453 780 527 827 uero
551 762 666 826 llnlalii
691 762 829 846 episcopi
851 762 1037 827 uenerabilis
1056 761 1127 839 uiri,
1147 760 1200 844 qui
1224 779 1259 826 eo
1284 760 1333 824 die
1358 761 1376 824 7

174 885 301 948 spaene
320 885 391 930 cum
411 867 494 930 omni
512 863 714 932 multitudino
734 868 773 933 ad
792 869 891 932 sancti
910 868 1044 949 apostoli
1065 867 1152 931 Petri
1172 866 1335 931 basilicam

206 971 372 1037 sollemnia
403 972 587 1051 celebrabat,
617 972 671 1037 ubi
702 974 837 1056 pn'mum
865 973 992 1054 pietatis
1020 975 1144 1037 uestrae
1170 974 1336 1055 praecepta
1411 1009 1413 1013 -

206 1080 280 1142 sunt
305 1077 474 1159 publicata,
502 1078 563 1142 fuit
590 1079 688 1143 totius
716 1078 837 1144 laetitia
864 1078 1013 1143 ciuitatis.
1081 1077 1162 1142 unde
1186 1096 1231 1156 ea,
1255 1095 1335 1159 quae
1359 1085 1378 1147 8

205 1183 340 1265 populns
376 1184 534 1249 Romanus
570 1185 697 1266 publico
735 1185 848 1268 gaudio
886 1184 1018 1248 diuersis
1060 1182 1334 1249 acclamationibus

207 1308 303 1373 agens
331 1290 446 1373 gratias
473 1291 632 1355 maiestati
658 1294 782 1367 uestrae
810 1290 943 1356 credidit
968 1289 1165 1374 publicanda,
1192 1288 1335 1354 relationi

167 1413 295 1459 semeae
313 1395 461 1460 uniuersa
483 1396 613 1471 subieci,
637 1398 674 1460 ut
696 1399 880 1480 agnosceret
901 1396 1002 1479 pietas
1025 1397 1141 1473 uestra,
1167 1398 1198 1458 et
1220 1401 1335 1477 quanta

209 1500 312 1582 quiete
331 1501 422 1566 uobis
441 1501 586 1585 propitiis
606 1504 743 1567 correcta
762 1502 833 1580 sint,
853 1521 931 1585 quae
950 1502 1031 1566 male
1054 1502 1177 1567 linerent
1198 1499 1336 1564 admissa

208 1606 385 1670 temeritate
416 1624 597 1688 paucorum,
631 1609 663 1671 et
694 1609 809 1690 quanta
840 1607 941 1691 gratia
972 1610 1118 1690 suscepta
1150 1605 1223 1682 sint,
1255 1623 1334 1687 quae

209 1712 374 1776 clementia
400 1714 506 1776 uestra
534 1712 639 1776 diuino
665 1713 782 1778 iudicio
811 1716 843 1777 et
868 1733 923 1795 pro
952 1713 1143 1778 uenerandoe
1174 1710 1334 1795 religionis

208 1817 383 1881 reuerentia
402 1817 596 1882 decernenda
612 1818 742 1883 credidit
761 1823 793 1883 et
813 1838 868 1902 pro
893 1819 996 1902 quiete
1019 1819 1151 1885 Romani
1172 1817 1281 1902 populi
1302 1817 1334 1880 in

164 1925 395 2005 inperpetuum
419 1924 570 1987 seruanda
595 1924 768 1989 constituit.
836 1921 917 1990 Data
940 1925 992 1990 VI.
1016 1924 1254 1989 Id.Ianua1·ias.

338 2225 496 2270 adunentur
518 2226 640 2270 PREOUH
662 2226 919 2271 Pausurruaouuu
941 2227 999 2281 PRO
1021 2223 1200 2271 Ronlanum.

250 2321 393 2393 Petimus
434 2329 630 2393 clementiam
661 2333 808 2407 uestram,
849 2330 986 2412 piissimi
1026 2333 1057 2394 et
1097 2327 1333 2392 clementissimi

206 2433 408 2516 imperatores
430 2435 550 2511 Honori
572 2439 604 2500 ot
626 2435 781 2500 Theodosi
805 2455 927 2518 semper
949 2436 1096 2519 Augusti,
1163 2434 1242 2498 Post
1264 2433 1332 2497 abs·
1356 2444 1376 2504 2

155 2575 184 2613 ,ο
207 2557 331 2604 cessum
355 2540 454 2604 sancti
478 2530 594 2605 Zosimi
616 2559 713 2624 papae
737 2541 886 2605 ecclesiae
910 2541 1081 2606 catholicae
1100 2541 1187 2606 urbis
1204 2541 1332 2617 Romae,

207 2647 244 2709 ut
269 2644 337 2709 fieri
364 2664 432 2710 mos
454 2646 583 2710 uolebat
605 2648 698 2727 atque
720 2646 791 2727 ipsa
812 2647 973 2730 religionis
997 2647 1161 2730 disciplina
1184 2628 1332 2722 dictabat,

206 2749 311 2832 plures
344 2750 375 2814 in
407 2770 505 2815 unum
537 2751 741 2816 conuenimus
770 2753 956 2830 sacerdotes,
984 2754 1022 2816 ut
1049 2751 1086 2816 de
1114 2749 1331 2817 constituendo

208 2875 388 2921 successore
412 2857 568 2921 communi
590 2857 706 2921 iudicio
729 2859 944 2923 tractaremus.
968 2858 1023 2923 sod
1047 2856 1191 2940 quoniam
1210 2857 1332 2920 Latera-

207 2981 334 3026 nensem
358 2963 521 3029 ecclesiam
545 2964 700 3028 obstrusis
722 2982 819 3046 paene
843 2963 988 3028 omnibus
1011 2963 1204 3047 ingressibus
1235 2961 1332 3026 archi-

154 3103 185 3144 ,⁵
208 3066 357 3133 diaconus
371 3069 513 3133 Eulalius
533 3068 720 3152 contemptis
738 3069 833 3152 impie
853 3070 969 3133 summi
988 3069 1157 3133 sacerdotis
1177 3067 1332 3148 exsequiis

208 3173 389 3238 diaconibus
413 3178 445 3239 et
467 3175 667 3258 paucissimis
691 3175 939 3258 presbyterisac
961 3175 1163 3239 multitudine
1190 3174 1332 3238 turbatae

243 3331 259 3383 9
278 3329 392 3384 credidit
408 3331 516 3401 Meyer:
534 3317 635 3385 credidi
652 3335 684 3385 ut
706 3332 743 3398 V;
764 3330 856 3395 edidit,
876 3335 907 3384 ut
924 3329 1014 3396 Sinna„
1032 3331 1212 3384 calcenone
1228 3330 1332 3397 foetum

208 3418 394 3488 opopropbnm
417 3436 474 3487 epp.
498 3423 610 3473 14-36
632 3425 706 3474 catat
727 3420 758 3473 in
781 3419 871 3474 codice
896 3419 1068 3473 Berolincnrr'
1088 3419 1173 3473 Pln'll.
1192 3421 1265 3472 1717
1283 3417 1331 3484 (cf.
1361 3416 1367 3423 ’

208 3507 302 3576 Meyer
320 3508 336 3562 l.
357 3524 377 3561 c.
392 3525 423 3576 p.
444 3512 462 3562 4
480 3508 546 3564 adn.
565 3512 593 3576 1)
613 3509 689 3562 uobis
760 3509 871 3578 Meyer:
888 3503 922 3560 uit
946 3507 971 3560 V
1024 3508 1057 3561 14
1074 3507 1111 3560 im
1134 3506 1160 3560 V

244 3597 290 3650 17.
325 3596 394 3650 Dat.
409 3596 452 3650 dic
473 3600 490 3650 6
507 3598 552 3650 nel
573 3601 591 3651 7
607 3597 672 3652 Ion.
690 3601 750 3652 419.
805 3597 879 3651 Edu.
893 3597 962 3650 Bar.
978 3597 1017 3649 ad
1030 3613 1056 3649 o.
1073 3600 1133 3660 419,
1149 3599 1183 3662 8,·
1200 3594 1333 3649 Constant

208 3684 280 3754 Epp.
305 3684 386 3739 Pont.
414 3689 506 3750 1007,·
531 3687 616 3740 Inret.
643 3689 722 3741 Anct.
751 3686 848 3756 Spuma
878 3689 929 3751 22;
956 3685 1064 3756 Sciopp.
1094 3690 1118 3739 ot
1139 3685 1207 3739 Por.
1230 3685 1262 3737 X
1286 3687 1330 3737 74.

210 3772 242 3826 18
259 3773 381 3827 Petimus
400 3773 579 3842 clementiam]
600 3775 633 3842 cf.
652 3776 765 3830 similene
787 3774 892 3829 exordii
907 3774 1061 3845 formulam
1081 3773 1112 3826 in
1136 3772 1332 3826 Orca'etenorann

208 3861 407 3929 supplicatione
424 3863 497 3916 edito
516 3879 534 3914 c
552 3861 720 3917 Mommscno
737 3863 768 3916 in
786 3862 905 3916 Hnnroe
922 3863 977 3915 nol.
997 3861 1094 3914 XXII
1098 3878 1128 3929 p.
1145 3863 1200 3914 317
1218 3860 1270 3927 (ΙΙ
1283 3863 1331 3927 17)

210 3965 256 4003 nec
273 3966 330 4003 non
346 3951 455 4004 inittnm
474 3967 513 4018 ep.
535 3955 574 4004 47
642 3952 673 4004 19
693 3951 829 4004 obsessum
852 3950 883 4016 V,
902 3967 969 4004 corr.
988 3937 1057 4002 Bar¹
1135 3950 1169 4002 24
1188 3949 1331 4002 obstructis

209 4037 277 4094 Bor.
297 4039 386 4092 eodem
404 4054 493 4092 errore
514 4053 567 4106 qno
594 4036 762 4092 Connlissen
785 4039 975 4106 (Mnemosyne
996 4036 1032 4090 N.
1057 4037 1084 4090 S.
1109 4036 1188 4090 XIV
1208 4040 1279 4105 302)
1302 4037 1333 4090 e'n

210 4127 341 4180 scrutando
360 4129 446 4180 Aerem.
466 4127 556 4181 blare.
578 4130 681 4192 31,15‚
703 4130 720 4178 6
