2904 4672
164 277 228 337 401)
366 270 467 324 Gelasii
486 271 506 322 I.
527 270 599 322 dicta
618 269 744 322 aduersus
764 268 936 338 Pelagiannm
956 269 1086 324 haeresim

162 465 269 545 potius
293 464 478 527 industriam
502 462 643 545 propriae
668 463 785 526 sociare
811 463 976 540 sollertiae,
1002 467 1155 543 quatenus
1180 466 1242 541 uel,
1267 465 1293 528 si

162 573 316 652 temptata
348 572 422 632 sunt
453 569 537 645 talia,
570 569 711 650 protinus
749 569 952 651 corrigantur,
985 569 1045 646 uel,
1078 589 1115 633 ne
1154 570 1291 650 qualibet

164 676 344 756 obreptione
372 678 574 757 temptentur,
604 674 754 741 attentius
782 675 994 754 praecauendo
1028 675 1203 739 subintrare
1234 697 1292 741 non

164 783 299 846 ualeant.
334 781 371 844 de
405 781 518 862 quibus
551 782 655 843 autem
688 780 730 855 lri,
763 799 841 860 qnos
873 783 928 844 tua
964 780 1076 844 caritas
1114 781 1291 856 destinauit,

164 887 288 968 plenius
317 887 430 950 instrui
456 887 624 961 noluerint,
654 891 819 968 sequentes
843 886 930 950 tituli
953 906 1024 950 cum
1047 886 1114 950 suis
1137 887 1292 969 responsi·
1319 912 1330 949 s

100 994 141 1054 -5
166 993 277 1057 onibus
310 993 508 1056 intimabunt.
552 998 583 1056 et
615 993 760 1073 quoniam
793 1011 826 1056 se
859 992 907 1055 bis
939 992 1137 1073 adquiescere
1166 993 1292 1075 praefati

164 1103 292 1161 eatenus
332 1103 405 1160 sunt
440 1097 582 1179 professi,
620 1100 656 1159 ut
692 1098 800 1161 eadem
836 1117 869 1162 se
907 1100 938 1161 et
972 1099 1118 1180 primitus
1155 1100 1293 1162 tenuisse

165 1206 321 1267 firmarent
344 1204 399 1266 sed
423 1223 440 1266 a
462 1203 620 1266 nonnullis
644 1204 674 1267 in
699 1203 913 1285 quaestionem
931 1208 1044 1268 uocata
1061 1205 1182 1268 uellent
1198 1204 1292 1268 mani·

163 1311 276 1374 sestius
305 1309 449 1390 expediri,
479 1309 668 1386 studuimus,
699 1312 849 1391 quantum
876 1309 957 1373 inter
985 1311 1205 1392 occupationes
1228 1309 1292 1373 fieri

164 1416 278 1499 potuit,
303 1434 380 1497 quae
404 1435 459 1478 nos
483 1416 610 1479 nrinime
633 1417 782 1498 respirare
806 1416 975 1496 patiuntur,
998 1415 1150 1498 largiente
1171 1416 1291 1481 domino
1309 1441 1329 1479 11

164 1524 329 1602 sequentes
357 1524 483 1602 paterna
512 1522 657 1604 uestigia,
687 1541 765 1603 quae
794 1521 831 1584 de
862 1522 979 1585 talibus
1013 1521 1201 1602 accepimus,
1233 1539 1291 1585 non

165 1629 265 1691 silere.
299 1646 390 1708 quam
423 1628 564 1709 regulam
598 1627 699 1690 sobrie
733 1627 887 1690 sentiendi
919 1627 1061 1709 quisquis
1088 1627 1175 1690 fideli
1203 1627 1292 1692 corde

165 1735 311 1809 sectatur,
340 1733 422 1796 inter
448 1733 635 1796 orthodoxos
663 1733 773 1796 merito
803 1733 916 1796 debeat
943 1732 1116 1808 aestimari3
1151 1733 1291 1814 quisquis

164 1858 237 1902 uero
267 1838 426 1920 putauerit
453 1838 657 1914 abnuendam,
687 1839 724 1901 ab
754 1838 936 1920 apostolicis
966 1857 1034 1902 sese
1061 1858 1121 1902 non
1155 1839 1292 1921 ambigat

121 1928 141 2003 (i
165 1945 288 2008 exulare
312 1943 470 2008 doctrinis.
495 1952 577 2007 certe
602 1944 628 2006 si
652 1944 808 2025 quidest,
834 1944 917 2026 quod
939 1945 1043 2008 ualeat
1067 1944 1206 2008 animum
1228 1963 1292 2026 per·
1308 1968 1328 2006 n

164 2069 300 2126 mouere,
328 2049 505 2112 fraternitas
534 2055 589 2112 tua
616 2052 777 2113 consulere
806 2049 994 2114 fiducialiter
1015 2069 1075 2113 non
1100 2049 1236 2125 omittat,
1259 2052 1293 2111 ut

165 2156 281 2218 domini
296 2156 395 2238 gratia
410 2155 605 2218 ministrante
619 2157 718 2220 totins
735 2156 884 2220 discutiat
898 2155 1100 2220 obscuritatis
1111 2155 1292 2237 ambiguum

163 2264 297 2326 fraterna
321 2263 465 2326 conlatio.

684 2454 770 2537 or.)

312 2596 441 2640 alcandri
464 2595 560 2639 blera
583 2597 737 2640 ADVERSUS
761 2597 962 2641 ratumenna
984 2597 1147 2641 anabusns.
1306 2619 1328 2666 ω

207 2704 252 2766 De
275 2702 452 2784 Pelagianis
477 2702 603 2783 quidem
628 2697 771 2765 sensibus
795 2701 1062 2783 blasphemiisque
1076 2700 1244 2784 sacrilegis
1262 2703 1292 2765 et

162 2808 246 2889 apud
268 2808 399 2873 maiores
424 2811 547 2872 nostros
570 2812 634 2871 tam
655 2807 770 2871 diuinis
790 2826 882 2889 quam
902 2807 1046 2871 humanis
1065 2806 1191 2890 legibus
1209 2806 1291 2870 insta

163 2914 357 2978 discussione
396 2914 549 2977 damnatis
588 2913 680 2976 nimis
719 2917 767 2976 est
803 2914 930 2993 eopiosa
964 2912 1107 2990 materia,
1149 2912 1223 2993 qnia
1261 2912 1291 2974 et

162 3021 287 3083 illorum
318 3024 366 3084 est
393 3019 556 3102 multiplex
584 3019 758 3101 perniciosa
785 3019 975 3100 peruersitas
999 3037 1097 3099 eoque
1120 3017 1289 3094 nocentior,

162 3147 223 3208 quo
247 3125 531 3189 uerisimilitudinis
556 3126 658 3189 colore
682 3124 837 3201 subtilior,
862 3144 954 3205 quam
978 3124 1014 3187 de
1038 3123 1140 3206 ipsius
1164 3122 1290 3187 humani
1305 3146 1326 3187 u

162 3232 284 3314 generis
308 3232 446 3313 principe
469 3250 565 3312 prauo
589 3231 776 3310 funestoque
801 3232 973 3294 commento
997 3248 1057 3293 non
1080 3229 1139 3292 rite
1164 3248 1290 3310 concep·

199 3441 249 3492 lsi
263 3439 372 3506 scripsi:
388 3439 444 3492 siue
464 3438 489 3490 V
531 3439 644 3491 asinoe
693 3444 802 3505 postne
816 3439 904 3506 inepte
916 3436 1086 3504 interpunxit
1104 3435 1182 3489 Thicl
1232 3435 1288 3488 4111
1354 3485 1362 3508 c

160 3521 272 3596 scripsi]-
283 3528 320 3580 bii
336 3528 366 3590 V,
377 3527 420 3580 iio
456 3529 538 3588 5<si>
551 3527 655 3596 plenius
670 3526 731 3580 Gar.
788 3527 1058 3595 sequentes]rcu·era
1071 3530 1289 3592 consequuntur

162 3617 178 3669 8
194 3633 208 3668 a
222 3617 355 3668 nonnullis
368 3616 476 3683 scripsi:
492 3613 574 3668 arnulli
583 3617 626 3684 (=
638 3615 780 3679 anouullis)
797 3615 828 3676 V,
843 3623 873 3667 an
891 3615 951 3670 ullis
962 3615 1004 3683 (=
1016 3615 1078 3666 ante
1091 3612 1165 3678 ullis)
1178 3631 1203 3674 α,
1219 3612 1288 3665 uada

162 3735 225 3784 ante
239 3731 319 3783 ullius
338 3731 399 3784 Car.
458 3732 485 3782 ll
504 3746 570 3797 quae
586 3730 731 3783 dotalibus
747 3729 1017 3798 accepimusscre'pai:
1037 3693 1052 3795 q
1074 3726 1105 3779 de
1123 3727 1224 3780 talibus
1239 3743 1287 3795 qua

161 3836 279 3888 cepimus
302 3818 332 3882 V,
352 3819 384 3871 de
407 3819 507 3871 talibus
534 3835 600 3886 quae
625 3819 759 3886 coepimus
782 3818 854 3878 Car..
873 3818 906 3870 de
929 3816 1029 3869 talibus
1052 3831 1121 3883 quae
1140 3815 1287 3883 accepimns

165 3908 242 3960 Ylu'el
297 3908 330 3958 14
349 3907 488 3959 abnuenda
512 3906 541 3965 V,
561 3922 628 3959 corr.
653 3907 728 3960 Tbiec
784 3906 815 3958 18
835 3907 949 3962 conlatio
969 3892 1032 3957 11111
1056 3904 1082 3956 V

197 3997 244 4049 97.
316 3996 388 4048 Erro.
418 3996 479 4050 Car.
504 3994 534 4046 1²
553 3998 620 4061 351,·
645 3995 751 4048 Collect.
776 3995 891 4060 Coucii,·
912 3994 989 4047 Thiar
1010 3996 1070 4046 571.
1144 3993 1288 4045 2011111111

160 4071 254 4137 arven}
276 4084 315 4136 V.
351 4071 639 4138 rsrnrnsnurans'rV
683 4085 716 4137 22
735 4084 843 4136 nrosV
887 4084 921 4137 23
940 4080 1063 4151 dapnalis
1086 4080 1112 4132 V
1151 4080 1288 4134 recolere

167 4173 196 4236 V,
217 4188 284 4225 corr.
304 4172 330 4222 οἳ
