2904 4672
161 227 224 291 188
416 221 459 275 Ad
476 221 585 276 Petrum
603 220 742 275 Fullonem
762 220 893 290 epistulae
911 219 1017 290 spuriae

682 405 767 492 (742)

160 553 279 599 INCIPII'
319 551 470 597 nPrsnotn
505 551 660 596 nnnnoms
701 550 843 596 crisconi
879 551 1043 596 nasnnonn
1080 553 1124 598 AI>
1163 553 1289 598 EUNDEI

538 658 658 703 Penne!
678 657 911 705 hammensium,

205 858 303 924 Ualde
327 858 529 924 contristatus
551 873 622 922 su'm
646 860 803 940 superte,
826 860 921 922 frater
942 858 1115 935 karissime,
1141 857 1288 939 quoniam

163 965 262 1030 creuit
291 985 346 1048 per
376 967 407 1028 te
439 979 586 1048 magnum
618 964 809 1040 scandalum,
842 982 915 1028 cum
945 966 982 1028 tu
1009 960 1115 1046 potius
1144 962 1287 1028 debueris
1314 988 1327 1027 s

163 1071 308 1136 scandala
334 1087 482 1134 resecare.
512 1070 627 1134 etenim
655 1070 694 1133 ob
722 1071 779 1134 hoc
811 1069 942 1133 retinere
975 1069 1048 1133 reolo
1080 1068 1226 1133 lacrimas
1259 1071 1290 1132 et

162 1176 326 1259 prohibeor
353 1194 371 1240 a
397 1178 452 1240 tua
479 1176 606 1239 haerese
634 1175 680 1239 sic
707 1175 863 1241 malitiose
890 1176 1021 1257 prolata,
1046 1174 1193 1256 quoniam
1217 1176 1288 1238 ate

161 1283 327 1346 uulnerata
354 1282 427 1345 sunt
453 1279 626 1363 euangelia,
655 1282 743 1343 actus
771 1298 894 1362 quoque
921 1280 1135 1362 apostolorum
1164 1278 1196 1342 et
1219 1297 1288 1360 apo·

164 1387 282 1452 stolus:
310 1385 455 1468 quoniam
481 1386 603 1466 praeter
631 1403 684 1449 eos
712 1383 801 1449 nisus
830 1403 863 1448 es
890 1384 1044 1448 fallaciter
1076 1383 1288 1461 commentari,

163 1513 201 1557 ne
225 1492 369 1558 Christus
393 1490 556 1556 cmcifixus
577 1489 719 1555 absolute
738 1491 865 1571 propter
883 1509 939 1554 nos
959 1489 1154 1554 confitendus
1173 1489 1217 1552 sit
1235 1488 1290 1553 sed
1306 1517 1329 1558 ro

163 1598 292 1682 trisagio
316 1617 390 1662 crux
412 1599 584 1678 coaptetur,
608 1596 693 1660 sicut
714 1596 830 1678 priores
849 1598 922 1660 tuae
939 1596 1062 1660 litterae
1081 1595 1120 1660 ad
1137 1593 1290 1668 Acacium

165 1702 525 1784 Constantinopolitanae
552 1701 701 1766 ecclesiae
728 1703 886 1782 pastorem
911 1701 1079 1779 insinuent,
1110 1701 1142 1764 in
1175 1698 1290 1782 quibus

121 1819 141 1882 2
165 1810 316 1892 scriptum
339 1812 404 1872 est:
437 1807 510 1890 quis
533 1807 564 1870 in
586 1807 777 1890 impietatem
795 1806 945 1884 incidisti,
969 1807 1145 1888 frequenter
1159 1804 1291 1871 circum·

164 1914 262 1978 uertis
275 1913 428 1997 prolatam
442 1932 461 1977 a
477 1915 509 1977 te
528 1913 724 1990 sententiam,
741 1912 768 1976 si
787 1931 847 1994 quo
862 1912 954 1977 modo
974 1915 1041 1975 eam
1055 1912 1291 1993 permanentem

166 2022 198 2085 et
220 2019 351 2098 solidam
375 2018 495 2084 cunctis
519 2017 679 2093 adfirmes,
700 2017 774 2082 dum
794 2022 899 2082 autem
919 2037 972 2101 pro
990 2037 1026 2081 ea
1045 2036 1063 2080 a
1079 2016 1292 2098 metropolitis
1309 2046 1333 2086 n

166 2127 311 2209 culpatus
338 2124 465 2201 luisses,
492 2143 552 2189 non
579 2124 696 2189 uenisti
723 2123 762 2188 ad
790 2123 1012 2190 satisfactionis
1040 2142 1168 2188 examen
1191 2141 1292 2205 neque

164 2231 337 2315 respexisti,
362 2234 398 2295 ut
421 2231 465 2295 sis
483 2231 561 2295 bene
580 2230 767 2315 glorificans.
788 2231 843 2296 sed
859 2230 997 2314 undique
1015 2229 1171 2296 refutatis.
1190 2247 1292 2311 neque

165 2337 247 2402 enim
279 2337 475 2403 diuinitatem
505 2337 639 2402 dicimus
670 2337 862 2419 passibilem,
895 2337 979 2401 stcut
1009 2338 1044 2400 tu
1073 2335 1162 2412 dicis,
1187 2352 1293 2416 neque

162 2444 281 2528 nudum
308 2443 438 2508 uerbum
466 2443 600 2508 dicimus
628 2443 809 2508 crucifixum
833 2443 888 2507 sed
913 2442 1073 2508 Christum
1095 2427 1212 2505 Iesum.
1237 2438 1294 2503 ubi

163 2549 244 2614 enim
271 2568 346 2614 cmx
372 2548 496 2628 dicitnr,
525 2567 652 2614 necesse
680 2553 730 2614 est
757 2568 826 2614 esse
850 2548 987 2630 corporis
1011 2547 1237 2611 eleuetionem:
1259 2545 1293 2607 in
1312 2577 1339 2617 ιο

164 2653 291 2739 trisagio
329 2656 434 2719 autem
471 2653 546 2736 quid
583 2655 654 2717 uult
689 2653 899 2718 manifestatio
942 2652 1093 2734 corporis,
1137 2650 1294 2734 quatenus

199 2842 245 2897 74.
280 2840 308 2894 Β
325 2866 359 2888 =
377 2840 499 2896 Berotin.
519 2841 568 2895 tut.
590 2843 633 2903 79,
653 2857 686 2894 ex
704 2855 760 2909 quo·
774 2839 860 2894 edidit
878 2840 1023 2908 epistulam
1041 2838 1148 2895 Fronto
1166 2839 1184 2894 t.
1199 2856 1222 2896 c.
1241 2843 1296 2894 551

162 2931 211 3002 sed
232 2931 276 2985 hic
297 2947 400 3000 quoque
420 2928 562 2984 intrudens
583 2929 722 2983 nonnulla
743 2944 777 2982 coc
802 2928 863 2982 olto
889 2929 1013 2983 scorcione
1039 2927 1148 2982 Latiae
1169 2928 1295 2997 primum

163 3018 239 3074 editu
257 3036 276 3072 a
291 3019 412 3074 Metine
431 3017 448 3074 l.
467 3033 488 3073 c.
508 3020 536 3072 2.
588 3017 605 3069 2
623 3033 718 3073 usonem
736 3015 811 3070 urim
829 3032 957 3071 arrsonrs
976 3033 1115 3071 nnsnnonn
1134 3033 1169 3070 an
1188 3033 1295 3071 narnus

165 3106 288 3176 quoniam
298 3124 351 3160 non
360 3108 467 3177 oportet
476 3105 628 3175 passibilem
639 3106 669 3171 (ἔ)
679 3105 706 3158 in
713 3104 851 3174 tresagion
858 3104 982 3174 copulare
989 3121 1037 3175 per
1042 3101 1220 3159 adiectionem
1229 3106 1295 3174 quis

164 3196 301 3251 crucifixus
308 3198 463 3266 estpropter
471 3211 519 3248 nos
530 3210 609 3264 quam
619 3196 710 3264 petrus
720 3193 790 3247 sicut
796 3192 932 3248 hereticus
942 3194 1101 3264 apposuitB
1109 3209 1256 3248 neruosus
1271 3193 1299 3247 V

164 3300 283 3340 ausuros
307 3284 333 3338 V
365 3283 556 3340 5deldlhueris
579 3281 615 3336 V:
634 3282 771 3336 debuisses
790 3281 818 3334 Β
853 3281 1028 3352 ‘c'prohibere
1047 3279 1142 3335 oraV
1180 3283 1294 3352 ltprop-

164 3376 206 3427 ter
228 3372 255 3426 V
306 3372 338 3431 10
356 3371 479 3427 absoluto
504 3371 529 3425 V
580 3373 610 3426 ll
631 3371 749 3440 tresagio
766 3370 794 3424 Β
864 3373 973 3440 aptetur
990 3370 1018 3424 Β
1077 3371 1108 3424 12
1127 3370 1250 3425 insinuet
1267 3371 1296 3423 Β

165 3460 193 3513 in
211 3459 310 3529 quihus
326 3460 455 3529 scriptum
474 3460 517 3513 est
537 3457 601 3513 VB:
620 3458 795 3527 interpolatio
815 3457 1036 3525 antiquissima
1024 3474 1081 3512 sum
1105 3458 1248 3527 interpreti
1264 3463 1297 3512 :ot

164 3547 273 3602 uidetur
291 3543 475 3602 adtribucnda
538 3547 616 3601 13111
634 3562 684 3600 om.
703 3546 730 3598 Β
800 3544 920 3599 incidisti
942 3543 979 3599 V:
997 3546 1076 3600 cedet
1092 3547 1119 3599 Β
1178 3544 1213 3598 14
1232 3562 1295 3616 pro·

165 3663 249 3716 latum
272 3662 309 3716 V:
327 3665 388 3716 cte
406 3663 538 3733 prolatam
555 3663 583 3715 Β
653 3663 714 3715 ate
732 3661 893 3718 sententium
910 3661 952 3713 B:
969 3661 1098 3716 &esencic
1115 3660 1142 3715 V
1194 3661 1228 3713 15
1246 3678 1297 3732 pro

167 3756 199 3806 ea
215 3768 232 3811 a
251 3751 429 3821 metropolitis
447 3751 558 3820 scripsi:
572 3767 618 3820 pro
632 3767 664 3804 ee
678 3767 694 3804 a
708 3767 750 3804 me
760 3750 900 3820 propolitis
910 3751 945 3814 Β,
958 3766 1007 3820 pro
1022 3766 1079 3803 earn
1092 3749 1251 3817 metropolis
1266 3750 1297 3811 V,

167 3856 214 3910 pro
233 3856 266 3894 ea
282 3857 325 3894 me
342 3840 483 3910 perpolitis
499 3839 606 3894 Fronto
618 3839 681 3893 Duc
782 3838 815 3891 16
835 3839 934 3892 uenisti
958 3839 994 3892 V:
1012 3839 1111 3892 uenisti
1129 3843 1168 3892 ut.
1186 3837 1245 3891 uid.
1266 3854 1300 3893 ex

167 3929 268 3982 nouisti
286 3944 354 3983 corr.
372 3930 400 3982 Β
454 3930 485 3981 17
504 3928 572 3983 bene
590 3944 677 3997 supro
695 3928 769 3982 lineo
792 3928 819 3982 V
880 3927 911 3980 18
929 3929 959 3980 tu
978 3926 1044 3980 dicis
1068 3926 1103 3980 V:
1123 3926 1253 3995 eutyches
1271 3928 1300 3981 Β

170 4017 202 4070 19
220 4017 267 4070 sed
286 4016 421 4070 Christum
440 4016 529 4070 Iesum
547 4016 582 4070 V:
602 4020 649 4070 aut-
666 4019 728 4085 post
745 4015 896 4069 trinitatem
914 4013 1090 4088 ChristumB
1126 4013 1160 4068 20
1180 4013 1299 4073 eleuaci-

168 4121 246 4158 onem
269 4104 307 4158 V:
325 4104 467 4157 elationem
485 4104 513 4157 Β
583 4104 714 4174 trisagion
738 4102 789 4156 VB
840 4103 874 4156 21
894 4102 941 4156 unl
964 4101 990 4155 V
