2904 4672
618 234 703 304 Epist.
721 233 750 287 Π
769 234 917 288 106-109.
1294 237 1335 301 39

208 431 359 496 missimis
384 431 519 496 seruulis
544 431 611 494 eius
634 429 856 512 patrocinetur,
879 430 1011 494 maxime
1038 449 1092 512 pro
1116 449 1212 495 eausa
1232 432 1337 495 rectae

208 538 282 603 fidei
307 537 533 603 laborantibus.
600 555 735 619 namque
761 536 813 600 hic
841 536 956 613 Turbo,
982 539 1185 618 posteaquam
1214 536 1338 601 audiuit
1361 530 1423 594 108

209 644 362 728 quosdam
394 662 427 708 se
453 642 594 725 integrae
621 642 694 706 fidei
722 643 866 723 copulare
894 643 926 705 et
952 660 1007 725 per
1035 642 1085 707 dci
1112 643 1244 726 gratiam
1270 661 1334 706 rem

208 748 275 814 ueri
298 767 446 821 crescere,
469 748 559 813 uobis
587 748 680 812 exitia
705 747 869 812 minitatur
896 750 928 812 et
953 748 1071 812 turbas.
1096 748 1151 813 sed
1174 753 1206 812 et
1228 747 1337 813 Seueri

171 856 317 926 odomui
342 854 521 920 incendium
548 854 728 918 minitatum
755 853 893 931 ueritati,
921 854 975 936 qui
1001 857 1087 919 tanto
1114 854 1216 938 magis
1243 853 1335 919 fidem

208 961 259 1026 dei
289 961 439 1038 uindicat,
472 963 586 1043 quanto
619 963 651 1024 et
679 959 819 1024 Romano
850 960 980 1042 imperio
1012 958 1146 1025 fideliter
1176 960 1335 1025 militauit.

206 1070 343 1146 temptat
366 1086 489 1149 quoque
513 1069 546 1131 et
567 1084 687 1131 sacram
704 1065 859 1150 uirginem
877 1064 1080 1129 Hermionam
1097 1064 1230 1146 insequi,
1247 1065 1335 1129 illam

207 1171 366 1246 feminam,
390 1190 484 1254 quam
507 1171 697 1254 quicumque
721 1171 840 1248 didicit,
865 1175 900 1236 ut
923 1172 1061 1253 aliquam
1084 1172 1122 1236 de
1146 1172 1335 1256 euangelicis

206 1276 332 1341 feminis
356 1275 526 1341 admiratus
545 1279 603 1343 est.
627 1276 683 1341 sed
697 1279 729 1341 et
743 1278 877 1361 singulis
893 1277 1069 1359 quibusque
1082 1277 1184 1343 tendit
1195 1277 1335 1355 insidias,

154 1409 187 1450 ro
208 1383 261 1465 qui
285 1383 448 1449 nobiscum
472 1401 577 1447 sacrae
601 1384 828 1449 communionis
847 1384 1002 1449 consortio
1022 1385 1217 1467 copulantur,
1236 1385 1337 1450 ueluti

207 1490 294 1554 nefas
327 1488 466 1554 obiciens
499 1508 534 1552 er
565 1489 634 1573 lege
670 1490 726 1553 illa
756 1489 956 1573 Babyloniae,
996 1490 1079 1572 quod
1113 1490 1194 1555 intra
1229 1495 1335 1556 nostra

208 1595 367 1660 domicilia
393 1594 460 1659 sine
487 1595 558 1659 labe
586 1596 752 1660 haerescos
780 1598 812 1660 et
839 1596 906 1660 sine
939 1596 1157 1661 communione
1187 1596 1334 1680 perfidiae

207 1701 378 1765 secundum
402 1702 600 1785 euangelieas
624 1704 656 1765 et
679 1701 867 1784 apostolicas
884 1701 1068 1766 traditiones
1088 1702 1334 1769 desiderantibus

207 1806 352 1872 fidelibus
375 1806 482 1871 diuina
505 1811 698 1874 sacramenta
721 1808 925 1872 celebremus.
954 1807 1050 1872 simili
1073 1810 1155 1874 enim
1176 1810 1280 1875 furore
1304 1814 1335 1876 et

152 1939 185 1980 ss
207 1913 362 1997 quondam
383 1913 574 1996 Babyloniae
603 1918 746 1978 sanctum
772 1914 961 1978 Danihelum
988 1914 1156 1978 hostilibus
1184 1915 1263 1980 odiis
1290 1917 1334 1980 in·

208 2018 310 2084 secuti
333 2021 416 2096 sunt,
436 2018 521 2101 quod
542 2019 574 2082 in
598 2038 656 2083 sua
674 2019 766 2083 domo
786 2020 879 2083 deum
898 2021 1096 2084 obseruantia
1114 2019 1236 2086 diuinae
1253 2021 1333 2105 legis

209 2124 360 2189 adoraret.
427 2124 478 2189 hic
503 2127 551 2188 est
573 2125 687 2201 Turbo,
711 2125 765 2207 qui
793 2126 941 2190 diaconus
969 2126 1030 2190 fuit
1052 2126 1209 2208 Euthychi
1231 2127 1334 2192 hacre—
1358 2114 1421 2177 109

206 2230 273 2305 tici,
297 2230 356 2295 sub
379 2249 441 2311 quo
464 2230 575 2294 beatus
593 2231 720 2295 Lucifer
736 2232 1058 2314 Eleutheropolitanac
1082 2232 1219 2297 ciuitatis
1237 2233 1334 2316 patio

205 2336 299 2400 batur
317 2335 453 2413 exilium,
469 2336 523 2417 qui
542 2338 574 2400 et
586 2335 691 2418 ipsum
706 2337 885 2401 Luciferum
902 2337 995 2400 fidem
1013 2338 1110 2402 libere
1123 2337 1334 2403 uindicantem

155 2469 188 2510 ao
206 2441 316 2506 multis
345 2442 562 2506 atrocitatibus
590 2444 790 2508 uehementer
817 2445 934 2508 afflixit.
963 2447 1036 2507 sunt
1063 2444 1163 2508 adhuc
1187 2445 1278 2509 hodie
1300 2445 1332 2508 in

205 2545 394 2622 Palaestina,
415 2547 469 2628 qui
491 2549 545 2613 illo
568 2551 707 2631 ternpore
729 2549 800 2614 istis
822 2550 1059 2632 insequentibus
1076 2569 1200 2632 poenas
1215 2551 1332 2635 grauis·

207 2653 302 2718 simas
322 2653 483 2732 dederunt,
500 2675 535 2721 eo
556 2657 640 2739 quod
659 2676 730 2720 cum
749 2657 921 2722 catholicae
939 2656 1011 2720 fidei
1030 2656 1175 2739 episcopo
1188 2656 1331 2721 Lucifero

206 2760 416 2825 conuenirent.
449 2764 572 2845 negent,
606 2762 633 2826 si
664 2782 724 2827 non
756 2763 838 2827 inter
860 2766 962 2828 cetera
989 2780 1047 2826 sua
1070 2761 1186 2825 atrocia
1207 2762 1332 2825 ianuam

205 2863 345 2929 clausam
369 2867 531 2932 securibus
556 2868 751 2952 effregerunt,
776 2871 802 2933 si
829 2889 889 2933 uon
915 2869 1072 2932 inruentes
1099 2867 1131 2930 in
1153 2866 1332 2931 Luciferum

155 3001 186 3043 25
203 2969 422 3035 fidelissimum
446 2972 637 3037 sacerdotem
661 2973 767 3038 diuina
786 2992 909 3056 quoque
929 2976 1121 3038 sacramenta
1143 2975 1330 3046 auerterunt,

204 3094 459 3158 unumquemque
487 3077 552 3141 illic
581 3078 619 3140 dc
646 3077 695 3141 his
724 3078 882 3155 fratribus,
911 3077 965 3161 qui
997 3079 1212 3153 conuenerant,
1235 3075 1332 3157 impia

294 3271 326 3330 15
346 3277 378 3343 cf.
397 3277 466 3330 Dan.
486 3278 501 3331 6

239 3407 329 3462 3rem
348 3408 405 3461 ueri
428 3408 465 3463 V.-
482 3425 538 3463 rem
556 3409 609 3463 uiri
626 3429 668 3474 aa,
687 3410 818 3464 remoueri
837 3413 865 3464 ct
887 3411 916 3465 Y
987 3411 1087 3465 4exiit
1106 3428 1121 3465 a
1139 3433 1161 3476 a,
1181 3414 1251 3468 exiet
1269 3431 1285 3468 a
1306 3415 1335 3470 Y

203 3495 343 3550 minitatur
372 3499 400 3550 et
426 3496 521 3551 turbas
548 3498 627 3565 (corr.
658 3497 694 3570 p²p
723 3498 759 3553 V:
784 3515 827 3552 me
855 3502 976 3568 negatus⁴
1002 3501 1122 3567 (necatus
1146 3505 1174 3567 a)
1202 3502 1281 3557 turbo
1305 3503 1331 3554 Φ

203 3583 324 3637 5dcmui
342 3583 369 3637 V
384 3585 430 3652 (of.
443 3585 562 3653 Rdnocb,
584 3585 730 3642 Oollectaa.
744 3587 844 3656 pbilol.
857 3604 890 3656 p.
911 3590 977 3656 30).·
996 3587 1120 3652 domi-«b,
1139 3588 1233 3643 domus
1251 3589 1331 3646 Sirm.

202 3671 354 3725 minitatum
372 3671 398 3726 ‹l›
469 3674 624 3739 ueritates,
639 3675 782 3730 ueritatem
796 3693 820 3739 a,
838 3691 886 3744 pro
905 3675 1021 3730 ueritate
1034 3695 1061 3747 χ,
1080 3693 1127 3746 pro
1145 3679 1286 3733 ueritatem
1300 3697 1330 3748 p3

201 3759 312 3814 ueritati
331 3760 382 3816 del.
402 3759 430 3814 α*
492 3763 606 3833 uquam
625 3779 677 3817 om.
696 3763 722 3814 Φ
793 3763 895 3819 9tend
918 3763 945 3818 V
1004 3764 1037 3818 10
1055 3765 1132 3818 uelut
1149 3766 1175 3817 Φ
1234 3766 1266 3819 11
1285 3783 1331 3820 ue·

201 3846 472 3912 aerumnosarum
496 3848 523 3903 Y
618 3851 652 3904 14
670 3851 835 3906 celebramus
853 3851 935 3906 Sirm.
1039 3852 1071 3905 15
1090 3853 1232 3923 Babylonii
1250 3852 1331 3908 Sirra.

201 3938 323 3989 sanctum
342 3935 382 3990 Φε
402 3937 548 3992 secundum
569 3938 597 3991 V
647 3940 787 3994 Danielem
806 3940 886 3996 Sim.
959 3940 1013 3994 odii
1036 3940 1063 3993 V
1110 3941 1147 3995 16*
1162 3940 1268 3995 domum
1291 3939 1332 3994 Ya

203 4024 234 4077 17
254 4025 355 4079 euthici
373 4026 423 4091 Va,
442 4026 548 4096 cuthyti
561 4047 585 4090 a,
605 4029 713 4098 euthyci
726 4049 751 4101 χ,
772 4030 885 4099 euticip
924 4029 957 4083 19
969 4028 1052 4083 libere
1065 4028 1246 4083 uindicantem
1261 4029 1331 4096 (uin-

202 4111 308 4166 dicante
327 4117 369 4180 aa)
385 4113 422 4168 Φ;
441 4113 805 4171 liberamoiindicantemV
838 4118 872 4172 23
886 4133 939 4170 non
952 4116 1073 4170 <1³:ch
1107 4119 1141 4171 25
1155 4119 1294 4171 uerterunt
1308 4117 1334 4171 V
