2904 4672
160 245 226 308 296
429 238 524 307 Uigilii
541 237 772 313 coushtutumde
789 237 877 291 tribus
894 240 1020 308 capitalia

67 433 128 497 231
198 433 242 498 lIl
265 432 300 498 Si
322 434 393 514 quis
416 451 511 496 uoces
534 432 732 515 euangelicos
754 436 787 496 et
809 434 999 515 apostolicas
1020 433 1053 496 in
1075 452 1141 498 uno
1163 433 1282 500 Christo

155 539 202 603 ita
230 538 355 613 diuidit,
382 542 419 601 ut
444 538 540 601 etiam
565 541 747 600 naturarum
769 538 800 600 in
823 538 892 620 ipso
914 538 1074 602 unitarum
1096 537 1281 603 diuisionem

156 643 344 721 introducat,
367 643 533 707 anathema
554 644 607 706 sit

66 769 130 833 232
197 767 261 831 1111
288 766 322 833 Si
350 767 421 850 quis
450 785 549 829 unum
576 765 682 830 Iesum
706 764 868 830 Christum
891 785 1000 831 uerum
1024 766 1076 830 dei
1097 770 1133 831 et
1155 766 1282 832 eundum

152 874 258 956 ipsum
288 892 398 937 uerum
426 872 562 936 bominis
589 871 691 936 hlium
718 873 894 936 futurorum
916 871 1125 955 ignorantiam
1147 875 1206 936 aut
1225 871 1282 936 diei
1304 901 1314 940 s

155 980 258 1044 ultimi
280 978 389 1043 iudicii
412 979 561 1042 habuisse
584 977 662 1042 dicit
683 982 717 1042 et
737 981 825 1041 tauta
846 977 926 1042 scire
948 978 1103 1059 potuisse,
1121 977 1282 1060 quantaci

153 1085 252 1149 deitas
275 1085 366 1167 quasi
389 1084 479 1148 alteri
502 1084 626 1148 cuidam
648 1082 827 1147 inhabitans
849 1082 1020 1160 reuelabat,
1043 1084 1212 1148 anathema
1232 1085 1281 1149 sit

64 1210 128 1274 233
198 1207 224 1269 V
253 1206 286 1272 Si
310 1207 381 1289 quis
404 1206 483 1270 illud
506 1206 650 1289 apostoli,
674 1205 756 1287 quod
780 1205 883 1270 estin
905 1206 1040 1289 epistola
1062 1207 1102 1271 ad
1123 1207 1281 1274 Hebraeos

154 1313 286 1389 dictum,
328 1313 411 1395 quod
448 1312 656 1394 experimento
693 1312 844 1395 cognouit
879 1311 1105 1376 oboedientiam
1144 1317 1179 1378 et
1212 1331 1281 1378 cum

153 1420 288 1486 clamore
315 1418 388 1482 forti
416 1421 449 1482 et
474 1418 612 1482 lacrimis
640 1435 746 1500 preces
774 1417 1082 1501 supplicationesque
1104 1420 1225 1501 optulit
1244 1420 1281 1484 sd
1294 1450 1314 1490 ιι

152 1544 236 1603 eum,
260 1524 313 1607 qui
337 1526 462 1588 saluum
485 1523 576 1587 illum
599 1527 708 1605 posset
729 1543 748 1586 a
769 1527 870 1589 morte
887 1524 999 1599 lacere,
1017 1528 1181 1608 tamquam
1198 1527 1279 1591 nudo

154 1630 271 1696 deitate
294 1629 417 1696 Christo
441 1629 605 1712 deputans,
628 1631 682 1711 qui
704 1628 865 1694 laboribus
887 1630 1015 1694 uirtutis
1042 1632 1203 1713 perlectus
1230 1633 1280 1723 sit,

151 1738 190 1800 nt
216 1755 252 1800 ex
278 1736 338 1799 hot
361 1718 440 1799 duos
462 1735 658 1799 introducere
682 1734 823 1800 Christos
846 1736 899 1799 uel
922 1734 1001 1799 duos
1019 1735 1102 1800 filios
1124 1737 1279 1816 uideatur,

151 1846 184 1906 et
218 1860 277 1906 non
314 1861 411 1905 unum
448 1840 642 1922 eundemque
678 1840 776 1905 credit
808 1841 968 1907 Christum
1000 1841 1050 1906 dei
1082 1845 1115 1906 et
1146 1843 1280 1908 hominis

150 1947 251 2011 hlium
279 1966 315 2011 er
342 1946 463 2011 duabus
492 1948 524 2010 et
544 1946 576 2009 in
600 1946 721 2011 duabus
744 1947 864 2012 naturis
886 1947 1146 2030 inseparabilibus
1169 1948 1279 2013 indiui-
1295 1979 1317 2018 rr

150 2053 257 2134 sisque
279 2051 488 2117 confitendum
512 2054 604 2134 atque
627 2052 826 2125 adorandum,
850 2053 1016 2117 anathema
1037 2053 1090 2120 sit.

63 2180 126 2244 234
192 2176 252 2240 His
280 2176 377 2259 igitur
404 2175 549 2239 omnibus
576 2179 609 2239 et
635 2176 816 2241 huiusmodi
843 2176 1047 2259 blasphemiis
1073 2178 1120 2242 ita
1147 2180 1277 2244 anobis

150 2281 301 2346 abdicatis
329 2284 423 2362 atque
450 2281 603 2344 damnabo
627 2282 686 2346 hoc
708 2283 882 2364 praesent-is
905 2282 1071 2348 constituti
1092 2285 1192 2349 nostri
1215 2285 1276 2350 dis-

148 2386 305 2468 positione
328 2404 422 2467 quam
444 2385 576 2449 maxime
597 2385 811 2467 prouidemus,
835 2406 884 2464 ne,
907 2387 992 2452 sicut
1013 2406 1108 2471 supra
1129 2388 1275 2467 diximus,

147 2491 298 2574 personis,
331 2509 409 2573 quae
440 2491 472 2554 in
502 2509 579 2573 pace
607 2493 639 2554 et
665 2492 883 2558 communione
910 2493 1098 2558 uniuersalis
1125 2486 1276 2560 ecclesiae
1291 2525 1315 2565 so

149 2597 346 2680 quieuerunt,
383 2597 442 2661 sub
478 2598 536 2661 hac
574 2597 709 2662 damnati
751 2617 769 2662 a
809 2599 897 2663 nobis
938 2600 1077 2682 peruersi
1117 2601 1275 2686 dogmatis

62 2708 126 2774 235
150 2701 313 2766 occasione
340 2701 458 2783 aliquid
486 2702 655 2785 derogetur
680 2703 736 2766 sed
763 2704 987 2769 execrabilibus
1014 2705 1217 2788 dogmatibus
1243 2708 1275 2771 in

149 2805 294 2871 Nestorio
326 2810 419 2888 atque
450 2808 625 2891 Eutycbete
656 2807 880 2873 haeresiarchis
912 2810 1132 2893 uniuersisque
1169 2830 1275 2877 eorum

149 2911 337 2994 sequacibus
365 2913 577 2979 condemnatis
604 2913 668 2977 illis
696 2914 922 2992 sacerdotibus,
950 2915 1059 2996 quiin
1081 2934 1168 2997 pace,
1193 2917 1275 2982 sicut

148 3016 268 3081 dictum
287 3021 345 3094 est,
365 3018 535 3084 catholicae
554 3020 702 3083 ccclesiae
721 3023 795 3084 sunt
814 3020 961 3097 defuncti,
980 3021 1068 3086 nulla
1085 3023 1275 3087 contumelia
1289 3055 1311 3096 n

149 3125 324 3206 generetur,
351 3143 390 3188 ne
416 3124 488 3189 iude
515 3124 698 3188 iniuriarum
726 3128 872 3190 nascatur·
899 3127 1031 3204 occasio,
1060 3128 1141 3192 unde
1168 3128 1273 3211 potius

149 3228 261 3293 debeat
282 3232 461 3294 sanctorum
483 3233 606 3311 patrum
629 3231 803 3294 reuerentia
825 3231 985 3297 custodiri.

61 3362 125 3427 236
192 3352 239 3416 De
258 3353 391 3435 epistola
409 3370 532 3436 quoquo
550 3352 738 3418 uenerabilis
756 3353 818 3417 uiri
835 3355 908 3418 lbae
927 3354 1082 3437 quondam
1100 3356 1273 3422 Edessenae

149 3456 289 3521 ciuitatis
313 3458 461 3540 episcopi,
486 3457 523 3522 de
546 3477 608 3540 qua
636 3457 751 3540 pariter
777 3459 964 3541 inquisistis,
992 3459 1138 3545 diligenti
1165 3463 1272 3528 nihilo·

148 3562 253 3626 minus
289 3563 529 3646 inuestigatione
566 3564 789 3645 quaesiuimus,
827 3565 854 3628 si
896 3565 970 3647 quid
1011 3565 1049 3630 de
1089 3586 1126 3630 ea
1163 3568 1270 3650 priscis
1286 3603 1307 3642 ω

237 3804 253 3857 8
271 3801 352 3857 Hebr.
371 3806 396 3866 5,
415 3803 432 3857 8
451 3806 477 3856 et
496 3805 511 3856 7

183 3938 317 3998 8hebeos
340 3943 366 3996 V
419 3944 451 3997 10
470 3944 662 4013 suplicatiouee
682 3961 732 4015 quq
755 3944 782 3999 V
834 3946 864 3999 ll
885 3945 963 3999 deum
981 3947 1052 4002 Bar.
1119 3947 1270 4018 taquamV

150 4033 182 4085 12
204 4033 268 4100 sort.
288 4031 401 4101 deputat
541 4032 575 4085 20
601 4049 668 4102 quae
690 4033 773 4086 Bac:
797 4035 842 4102 qui
869 4033 896 4088 V
1032 4035 1068 4088 23
1095 4034 1269 4090 euticheteV

148 4121 182 4174 28
202 4119 310 4191 eplaV
374 4119 518 4173 edesseno
542 4119 568 4171 V
609 4122 643 4174 29
662 4122 792 4191 episcopis
811 4122 919 4177 chrr.
935 4120 961 4173 ο2
1005 4123 1039 4177 30
1059 4124 1123 4193 quid
1142 4143 1168 4177 o:
1187 4121 1269 4191 quiV
