2904 4672
166 269 232 332 466
333 263 458 321 mnia·
474 265 497 319 1.
515 267 648 337 episcopia
664 283 714 337 pcr
729 265 893 320 Dardaniam
911 269 963 320 ctc.
980 266 1138 320 mutitatis

167 459 210 525 de
232 459 336 525 caelo
359 459 570 536 descendit,
598 459 734 525 fideliter
753 460 838 524 buuc
860 464 1022 524 sumentes
1044 458 1084 524 ad
1105 461 1212 525 uitam
1234 480 1305 544 per-

115 562 145 626 ·ῖ)
167 565 264 630 ducat
284 567 453 629 aeternam.
512 583 593 648 quae
614 568 652 630 ut
673 569 785 629 mutua
805 567 969 630 ualeamus
991 565 1209 631 exhortatione
1231 585 1303 648 pro

168 672 298 755 spicere,
321 668 377 733 det
398 688 524 752 operam
547 676 656 735 uestn
677 669 815 747 dilectio,
836 674 875 735 ut
900 675 934 736 et
958 670 1144 755 sospitatem
1171 675 1302 736 uestrae

168 776 308 841 caritatis
339 779 478 858 optatam
506 780 540 841 et
564 775 638 840 fidei
666 777 825 842 communi
855 776 1005 842 instantia
1035 777 1125 841 uobis
1157 777 1301 842 crebrius

169 882 286 965 aperire
307 900 367 946 uon
390 881 523 959 desinat,
547 886 702 964 quawnus
725 883 852 948 alteruis
878 901 936 947 nos
962 883 1229 949 instructionibus
1251 903 1302 949 cx·
1327 906 1342 945 a

168 988 301 1053 citantes
330 987 546 1071 legitimorum
577 987 696 1053 domiui
727 988 924 1054 sacerdotum
959 990 1119 1071 possimus
1155 990 1301 1055 inuenire

166 1093 352 1159 mercedem.
389 1112 445 1178 per
471 1093 592 1159 uicinas
615 1113 739 1177 quoque
765 1095 943 1176 prouincias
969 1096 1047 1163 hacc
1073 1095 1185 1160 eadem
1211 1100 1300 1178 pate

166 1201 268 1266 facere
295 1203 403 1266 uestra
429 1200 543 1264 caritas
569 1199 740 1283 uigilantes
765 1200 903 1276 insistat,
930 1203 967 1265 ut
989 1201 1099 1284 etqui
1121 1201 1300 1266 catholicae

167 1306 395 1372 communionis
423 1305 602 1370 sinceritate
628 1306 810 1371 subsistunt
834 1306 1085 1390 competentibus
1110 1307 1301 1372 roborentur

167 1408 314 1495 alloquiis
337 1415 370 1476 et
390 1412 444 1494 qui
466 1411 597 1476 forsitan
617 1411 747 1477 abuius
763 1412 951 1479 rectitudine
969 1412 1136 1478 deuiaruut
1156 1413 1198 1477 ad
1219 1414 1298 1478 inte
1315 1437 1341 1476 ne

167 1519 315 1603 gritatem
347 1516 506 1602 dogmatis
533 1517 704 1583 Christiani
734 1518 914 1583 salubribus
942 1518 1069 1585 monitis
1094 1518 1298 1585 reducentur.

124 1622 292 1691 dnouen't
325 1627 432 1689 autem
468 1627 577 1690 uestra
610 1625 786 1690 fraternitas
821 1625 973 1691 ecclesiae
1004 1625 1298 1692 Thessalonicensis

167 1730 341 1796 antistitem
363 1731 480 1795 nostris
507 1730 778 1796 adhortationibus
805 1731 931 1815 saepius
956 1731 1120 1796 incitatum
1148 1733 1298 1818 contagia

167 1837 394 1903 communionis
421 1841 563 1902 externae
588 1856 760 1919 numquam
788 1836 941 1902 declinare
967 1837 1109 1902 uoluisse
1131 1857 1190 1903 uec
1212 1837 1297 1921 apud

166 1962 224 2010 uos
246 1961 358 2009 nomen
380 1942 488 2008 Aeacii
509 1943 563 2007 uel
585 1947 760 2008 ceterorum
789 1943 939 2008 similium
966 1943 1154 2026 perfidorum
1181 1944 1338 2027 hisquae

167 2048 465 2116 communicantium
497 2068 634 2135 congrua
663 2049 858 2132 professione
889 2048 1065 2116 damnasse.
1105 2054 1299 2133 quapropter

167 2174 239 2220 eum
262 2156 510 2220 communionem
530 2154 614 2220 sedis
631 2156 823 2238 apostolicae
840 2175 901 2221 uon
917 2156 1074 2239 recepisse
1090 2156 1297 2222 manifestum

167 2265 228 2336 est,
250 2260 397 2344 quoniam
420 2260 481 2325 nisi
503 2261 591 2343 puris
614 2261 761 2326 sensibus
789 2264 821 2326 et
847 2262 885 2326 ab
913 2263 997 2326 omui
1022 2261 1174 2327 nefandae
1197 2264 1296 2329 socie

165 2368 241 2432 tatis
268 2370 356 2450 peste
382 2364 542 2431 mundatis
568 2365 654 2430 beati
678 2366 766 2431 Petri
791 2367 926 2448 apostoli
956 2385 1014 2432 nec
1037 2386 1212 2450 possumus
1238 2386 1295 2433 uec

167 2472 320 2538 debemus
360 2473 508 2541 caelestia
546 2473 695 2554 praebere
730 2473 926 2538 commercia.
968 2478 1134 2557 propterea
1170 2474 1295 2539 cautius
1310 2494 1335 2534 a

167 2577 323 2664 agendum
346 2581 489 2643 osteum
510 2578 662 2660 praefato,
685 2597 723 2644 ue
746 2579 910 2645 catholicis
932 2580 1092 2645 mentibus
1124 2578 1202 2645 ficta
1223 2599 1295 2662 apo

167 2684 297 2751 stolicae
329 2683 414 2750 sedis
444 2683 696 2750 reconciliatione
728 2684 899 2768 subripiat;
934 2704 1028 2767 quam
1059 2686 1144 2751 siout
1175 2685 1294 2751 dolosis

167 2790 288 2855 artibus
319 2790 427 2856 fallere
456 2794 489 2855 et
514 2789 739 2856 circumuenire
769 2809 831 2855 nou
861 2793 1030 2873 praeualet
1061 2791 1109 2856 ita
1138 2791 1293 2858 subdolus

125 2892 143 2956 7
166 2914 227 2961 nou
248 2899 357 2979 potest
378 2895 527 2981 optinere.
590 2897 810 2962 auctoritatem
831 2916 955 2980 quoque
977 2900 1128 2976 nostram,
1151 2917 1233 2982 quae
1256 2899 1292 2963 ad

167 3001 396 3067 Dalmatiarum
419 3005 469 3068 est
490 3002 609 3067 directa
629 3001 806 3084 pontifices,
827 3003 923 3067 etiam
950 3001 989 3067 ad
1015 3021 1075 3068 uos
1103 3004 1293 3069 credidimus
1309 3021 1330 3063 a

204 3157 376 3213 ldeaceudit
393 3158 426 3213 de
444 3159 517 3214 caelo
535 3164 601 3229 trop.
620 3159 648 3212 Β
665 3159 711 3228 (de
728 3159 802 3214 coelo
821 3159 985 3214 descendeus
1007 3158 1139 3230 Valputa)
1227 3161 1291 3216 flde-

165 3245 229 3300 litcr
245 3245 284 3299 B:
303 3245 443 3301 fidelesV
515 3247 587 3303 hauc
607 3247 671 3305 Cor.
760 3249 961 3302 dexortata’oue
978 3247 1006 3301 Β
1093 3249 1249 3304 fratrem
1266 3250 1292 3304 B

165 3333 321 3388 fehtatam
338 3334 367 3388 Β
452 3335 516 3390 ddei
534 3335 681 3391 communis
699 3335 829 3390 instantia
851 3335 882 3399 V,
902 3337 1018 3391 cosmi:
1038 3336 1082 3391 dei
1100 3340 1291 3394 communionis

166 3422 321 3476 instantiam
339 3423 367 3476 Β
422 3422 540 3477 bdeuat
556 3424 584 3478 Β
639 3423 778 3480 ddomiui
794 3440 845 3481 cos.
863 3424 892 3478 Β
951 3426 1034 3495 lpcr
1051 3425 1155 3481 metuas
1179 3427 1216 3482 V:
1232 3445 1290 3498 pro·

166 3509 269 3564 uincias
285 3510 314 3564 Β
350 3511 383 3565 10
400 3510 435 3564 ad
451 3512 491 3565 B:
511 3511 545 3565 ab
569 3511 594 3563 V
628 3514 662 3566 12
678 3512 901 3567 thesslouieeusis
918 3513 946 3566 Β
983 3514 1016 3568 13
1035 3512 1250 3570 adortatiouibus
1266 3515 1292 3568 Β

168 3600 201 3654 15
219 3598 262 3652 his
280 3614 331 3669 que
354 3598 379 3650 V
466 3600 498 3655 16
517 3616 658 3670 congruam
681 3600 872 3671 professionem
890 3602 917 3655 B
1007 3603 1040 3657 17
1063 3603 1294 3658 commuuioneV

168 3713 201 3768 18
218 3713 274 3784 pris
291 3713 330 3767 B:
350 3714 408 3782 puri
430 3714 457 3768 V
499 3717 533 3770 19
550 3719 626 3787 peste
643 3717 780 3770 mundatis
798 3717 837 3770 B:
855 3733 906 3771 om.
929 3716 957 3770 V
993 3717 1027 3771 20
1046 3717 1176 3773 caelestia
1193 3720 1232 3774 B:
1251 3736 1291 3774 ec·

166 3800 248 3855 clesia
263 3800 292 3867 V,
311 3803 437 3857 ecelesiae
454 3805 537 3873 aalys
572 3806 601 3859 21
614 3805 700 3859 necB
752 3805 905 3859 flotaB2ut
924 3807 954 3859 ht
968 3806 1293 3869 Vlsubfictacom'ccerct

170 3890 258 3959 taso
297 3891 332 3946 22
349 3893 573 3947 receutiliacionis
590 3894 618 3947 Β
674 3893 807 3963 subripiat
823 3894 863 3948 B:
882 3894 1010 3965 subrepat
1031 3895 1058 3949 V
1098 3897 1295 3953 23η11εῐε11

166 3978 295 4033 subdolus
312 3979 350 4034 B:
373 3979 490 4034 subsrcui
512 3981 544 4044 V,
566 3983 722 4037 societatem
741 3982 797 4036 eius
820 3983 899 4038 rosel
950 3985 985 4038 24
1003 3985 1167 4040 auctoritate
1191 4004 1292 4057 quoque

166 4071 259 4131 nostra
283 4069 311 4122 B
406 4069 442 4124 25
469 4069 672 4125 dalmacicorum
699 4071 726 4124 B
831 4072 966 4142 pontificis
993 4072 1021 4125 Β
1128 4075 1164 4129 ad
1192 4092 1242 4131 esa.
1269 4077 1294 4130 B

166 4156 296 4210 credimus
317 4156 345 4210 V
