2904 4672
173 277 237 341 428
377 272 478 328 Gelasii
496 273 517 326 1.
538 273 611 328 dicta
629 274 755 329 aduersus
773 275 947 345 Pelagiauarn
959 275 1096 359 'baeresim

122 477 163 540 68
174 479 223 540 est
254 480 285 540 et
311 474 365 539 ille
392 474 514 550 modus,
544 472 628 554 quod
655 490 746 553 saepe
774 473 863 535 uelut
890 471 1074 556 generaliter
1101 474 1133 535 et
1160 472 1307 539 absolute

174 582 297 658 dicitur,
335 601 406 646 oum
442 583 546 644 tamen
584 578 622 642 ad
660 597 766 642 omnes
799 579 983 662 generaliter
1013 589 1118 650 <uon>
1151 580 1306 662 pertinere

173 689 374 752 manifestum
402 689 460 765 est,
488 687 525 748 ut
557 703 627 749 cum
661 684 776 748 dieitur
805 684 964 749 Abrabae:
997 685 1033 748 iu
1066 686 1206 750 semiue
1241 690 1304 752 tuo

173 793 442 859 benedicentur
472 811 595 859 omues
625 795 770 875 gentes,
799 809 906 856 omues
931 791 1055 874 quidem
1080 795 1189 877 gentes
1213 793 1306 857 bene-

174 900 316 965 dicentur
347 919 402 964 nec
434 899 492 963 erit
523 898 588 962 ulla
620 897 703 962 natio
733 898 791 962 sub
820 899 916 975 caelo,
945 899 995 962 cui
1022 918 1083 964 non
1110 899 1306 980 praedicetur
1336 923 1350 964 s

174 1006 380 1090 euangelium,
414 1009 446 1069 et
479 1008 554 1069 tunc
586 1005 692 1068 ueniet
722 1003 803 1080 finis,
837 1004 892 1068 sed
923 1004 1010 1088 ipsae
1042 1007 1152 1090 gentes
1180 1024 1243 1069 nou
1272 1024 1306 1069 ex

173 1113 295 1197 integro
323 1131 430 1177 omnes
459 1111 689 1188 benedicentur,
718 1111 791 1192 quia
818 1131 877 1176 uon
902 1112 1041 1175 omnium
1063 1115 1113 1176 est
1135 1111 1229 1187 fides3
1254 1112 1307 1175 uel

175 1219 270 1284 sicuti
299 1220 363 1283 est:
392 1217 511 1282 omnis
539 1216 669 1300 lingua
701 1217 931 1282 confiteatur
963 1217 1037 1283 deo.
1071 1218 1123 1282 cui
1154 1217 1306 1283 locutioni

175 1344 286 1390 sensus
308 1324 361 1387 ille
381 1323 562 1401 conectitur,
580 1342 654 1386 eum
674 1341 709 1387 91
726 1326 812 1405 parte
832 1326 934 1389 totum
953 1323 1077 1405 saepius
1096 1328 1305 1406 nuncupatur,

176 1431 259 1496 sicut
291 1434 321 1495 et
353 1433 428 1494 tunc
455 1429 547 1495 homo
577 1429 664 1507 luda,
693 1449 763 1493 oum
793 1433 892 1495 totam
920 1434 1044 1514 gentem
1070 1432 1180 1512 procul
1209 1425 1304 1495 dubio
1323 1457 1348 1496 ro

123 1540 164 1604 69
174 1538 355 1603 nominaret.
424 1537 470 1602 sic
494 1540 525 1601 et
546 1537 591 1599 illi
616 1535 673 1600 filii
697 1537 797 1601 sancti
819 1537 920 1601 uideri
942 1540 1075 1619 possunt
1097 1538 1213 1615 uocati,
1234 1539 1306 1620 quia

176 1643 269 1708 multi
295 1644 348 1707 uel
375 1643 503 1726 plurimi
531 1662 566 1706 91
593 1643 642 1707 bis
670 1661 725 1725 per
752 1662 797 1720 ea,
827 1663 905 1724 quae
934 1643 1123 1720 dictasunt,
1147 1645 1305 1726 mysteriis

174 1748 288 1814 imbuti
315 1748 502 1813 caelestibus
531 1747 632 1813 sancti
654 1748 836 1825 efficientur,
861 1752 893 1812 et
913 1749 1025 1826 merito
1048 1749 1111 1813 iam
1135 1768 1205 1814 esse
1230 1749 1307 1813 dicti

175 1858 259 1932 suut,
283 1855 366 1936 quod
388 1853 486 1918 futuri
509 1858 592 1926 sunt,
616 1856 668 1918 uel
691 1873 727 1918 ex
746 1874 782 1919 ea
799 1855 949 1937 portione,
970 1874 1031 1937 qua
1047 1874 1103 1936 per
1120 1855 1306 1939 religiosum

174 1963 332 2043 parentem
355 1962 441 2025 eraut
462 1961 630 2043 participes
655 1961 840 2039 sanctitatis,
865 1964 1025 2044 tamquam
1047 1962 1110 2025 iam
1128 1980 1164 2026 ex
1182 1962 1305 2045 integro
1324 1988 1349 2028 re

174 2066 208 2130 id
240 2068 354 2143 essent,
389 2067 487 2130 sancti
521 2070 596 2131 sunt
627 2069 806 2148 nuncupati,
833 2069 894 2144 uel,
924 2067 1003 2150 quia,
1024 2086 1059 2131 91
1086 2068 1204 2132 talibus
1233 2068 1306 2134 filiis

175 2171 269 2237 multi
289 2171 388 2236 futuri
411 2175 517 2236 esseut
538 2173 648 2254 plenae
672 2173 926 2238 sanctificationis
949 2173 1087 2252 heredes,
1111 2174 1174 2238 iam
1198 2177 1232 2238 et
1252 2175 1307 2239 isti

176 2299 212 2344 ex
235 2300 282 2357 eo,
307 2279 390 2361 quod
409 2279 507 2344 futuri
525 2280 657 2357 fuerant,
675 2280 848 2363 nuncupati
867 2283 950 2357 suut,
970 2283 1010 2357 et,
1029 2280 1104 2346 licet
1121 2270 1181 2346 hoc
1201 2285 1308 2346 essent

63 2436 66 2442 .
175 2386 303 2469 plurimi
339 2385 468 2449 forsitan
501 2404 562 2449 uon
595 2386 703 2463 futuri,
737 2405 755 2450 a
785 2389 871 2469 parte
904 2389 1081 2451 sanctorum
1112 2386 1172 2451 toti
1206 2387 1306 2451 sancti

177 2493 361 2578 generaliter
384 2496 459 2557 suut
480 2492 596 2557 uocati.
1046 2550 1048 2554 .
1322 2517 1348 2558 eo

126 2603 167 2666 70
220 2598 267 2662 De
289 2597 524 2663 resurrectionis
548 2617 621 2663 uero
647 2599 797 2679 qualitate
820 2599 873 2662 uel
896 2598 933 2663 de
953 2618 997 2676 ea,
1018 2618 1096 2681 quae
1113 2603 1188 2682 post
1205 2619 1306 2666 resur·

176 2704 343 2769 rectionem
359 2704 478 2788 species
494 2704 537 2768 sit
553 2704 668 2781 futura,
689 2705 852 2769 audiamus
871 2706 1047 2787 apostolum
1065 2704 1305 2786 praedicentem,

177 2807 233 2876 ubi
255 2811 314 2886 ait:
339 2810 403 2875 sed
427 2809 528 2875 dicet
550 2810 705 2892 aliquis:
729 2812 912 2893 quomodo
931 2813 1128 2896 resurgent
1146 2813 1305 2877 mortui?

179 2917 280 3000 quali
303 2919 426 2981 sutem
450 2934 600 2999 corpore
618 2916 793 2982 uenient?
811 2921 843 2983 et
860 2918 1013 2982 humanae
1031 2917 1146 2984 mentis
1166 2918 1306 2983 diffiden-

177 3023 254 3088 tiam
284 3022 482 3107 redarguens,
516 3041 584 3086 eam
615 3024 727 3088 merito
760 3024 901 3102 stultam,
934 3043 1012 3105 quae
1044 3024 1101 3089 deo
1139 3025 1305 3108 quicquam
1322 3049 1346 3090 1

177 3129 329 3194 iudicaret
351 3127 555 3210 impossibile,
580 3131 795 3212 nuncupando,
820 3134 1020 3213 conpetenter
1038 3149 1073 3194 91
1091 3150 1193 3195 rerum
1214 3133 1306 3197 etiam

179 3235 352 3299 uisibilium
384 3237 416 3298 et
451 3236 473 3316 †
507 3234 651 3309 humanis
689 3237 976 3302 conuersationibus
1012 3237 1161 3302 usitatam
1198 3238 1306 3301 simili-

267 3475 367 3531 111.
387 3475 429 3536 ae,
451 3475 483 3528 rs
547 3475 846 3540 9911111111
909 3478 1131 3542 91111111
1196 3480 1230 3534 aa
1250 3496 1305 3548 sqq.

180 3563 238 3618 eor.
257 3564 272 3617 1
292 3565 332 3627 15,
352 3564 456 3617 es-es

215 3721 437 3776 21911αά9192
476 3723 672 3794 3babraheV
706 3725 831 3778 6191111
849 3725 880 3788 V,
900 3726 1003 3780 corraei
1050 3727 1107 3796 ipse
1132 3727 1158 3778 V
1191 3729 1306 3790 91119-

180 3814 292 3881 cupatur
315 3806 340 3863 V
405 3811 437 3865 10
456 3814 520 3864 trino
538 3812 595 3865 cod.
614 3812 749 3880 Aregelia:
766 3830 836 3866 nuno
859 3814 885 3867 V
936 3816 966 3867 11
987 3814 1035 3868 filii
1052 3815 1163 3882 scripsi:
1181 3815 1255 3870 iideli
1277 3817 1305 3879 V,

180 3900 303 3954 fideleso
355 3901 387 3954 16
407 3905 432 3953 91
451 3900 483 3952 18
501 3900 710 3970 nunccupatiV
758 3902 791 3955 18
810 3902 864 3956 sint
886 3902 918 3964 V,
937 3918 1003 3956 cor-r.
1020 3922 1036 3954 α
1092 3905 1124 3956 19
1143 3921 1198 3957 non
1220 3905 1307 3958 Tbicl:

180 4005 250 4042 nunc
278 3987 303 4041 V
425 3989 457 4042 25
486 4004 543 4040 eam
570 3989 680 4056 99111911
707 4006 785 4058 quam
818 3990 847 4054 V,
879 4007 931 4058 quo
962 3997 1070 4044 seruato
1102 3992 1136 4044 26
1173 3996 1309 4062 nuncupat

184 4078 261 4131 Tba'el
344 4078 377 4130 27
401 4078 466 4144 fort.
487 4080 514 4130 et
531 4077 652 4130 humanis
672 4080 917 4132 conuersationibus
935 4081 1092 4133 usitatarum
1108 4081 1309 4140 (multitudiue)

181 4164 394 4229 similitudinem
415 4167 442 4218 et
461 4165 602 4218 delendum
618 4167 717 4220 111αά91
734 4166 835 4220 Hartel
