2904 4672
176 271 251 351 11¹0·
532 263 574 320 De
590 266 671 320 rebus
690 265 795 336 Pelagri
810 219 945 335 epistulae

174 459 283 524 muudi
314 462 400 525 tenet
429 459 634 532 hereditatem
664 459 751 524 Adae
780 458 878 536 illius,
911 458 965 543 qui
990 460 1109 542 primus
1141 458 1303 540 peccauit3

175 565 258 649 quod
280 566 311 630 in
334 565 504 630 infantibus
528 565 588 630 nisi
610 584 665 650 per
687 551 914 631 sacramentum
936 565 1085 648 baptismi
1112 563 1302 641 dimittatur,

173 672 272 737 uitam
304 673 459 736 aeternam
491 675 522 736 et
556 690 687 756 regnum
723 671 879 738 caelorum
914 671 1026 736 habere
1048 689 1122 736 non
1157 673 1302 752 possunt.

144 780 281 851 9contra
308 796 400 862 quern
427 777 522 842 etiam
544 778 694 862 magister
721 796 798 843 snus
826 777 931 862 litigat
955 776 1113 861 Pelagius.
1141 776 1215 858 quia
1245 775 1302 839 ille

173 902 209 949 ea
239 884 308 967 ipsa
339 883 499 949 damnauit
528 883 560 948 in
591 881 708 950 iudicio
751 883 904 959 orientali,
937 900 1015 967 quae
1050 882 1112 947 iste
1147 881 1179 946 in
1214 880 1302 946 sedis
1337 907 1354 947 s

173 990 364 1073 apostolieae
399 992 489 1055 coeto
525 993 657 1062 conatur
694 991 841 1056 astruere.
878 989 974 1054 ornet
1003 989 1171 1054 aduersum
1202 1007 1234 1052 se
1270 991 1303 1052 et

173 1097 296 1161 ueteres
328 1095 531 1161 ecclesiarum
564 1094 706 1160 doctores
738 1094 909 1161 catholicos
939 1095 1102 1177 plurimos,
1134 1095 1303 1159 orientales

173 1199 390 1273 occidentales,
420 1200 609 1282 meridianae
626 1201 733 1284 partis
763 1204 856 1283 atque
888 1201 1150 1284 septentrionalis,
1182 1200 1237 1284 qni
1268 1201 1302 1264 in
1389 1192 1412 1226 ⁴·

171 1305 261 1371 libris
278 1306 346 1371 suis
362 1305 455 1371 illurn
477 1307 517 1373 de
538 1307 682 1391 originali
704 1309 844 1390 peccato,
867 1307 895 1370 si
917 1307 1018 1371 sanari
1042 1305 1207 1382 desiderat,
1228 1323 1302 1387 pos-

173 1412 238 1478 sint
259 1411 384 1489 docere;
406 1411 502 1477 habet
521 1412 651 1478 beatum
674 1411 862 1497 Cypriannm
886 1416 1062 1496 mutyrem,
1081 1413 1208 1477 beatum
1225 1413 1301 1476 Am·
1321 1437 1350 1478 so

172 1518 311 1588 brasium
334 1517 554 1597 confessorem,
570 1517 756 1605 Gregorinm
774 1504 1014 1594 Nazianzenum,
1038 1519 1162 1583 beatum
1186 1536 1301 1600 papam

171 1625 403 1700 Innocentium
421 1624 525 1704 habet,
545 1625 640 1691 etiarn
658 1645 739 1690 nunc
750 1624 812 1708 ‘qui
826 1625 857 1689 in
873 1642 1001 1707 corpore
1015 1624 1068 1689 siti
1080 1625 1302 1689 conlnalentur

171 1730 229 1808 illi,
257 1730 285 1795 si
311 1733 414 1796 tamen
443 1750 477 1796 ae
504 1735 592 1796 tanto
620 1730 781 1823 certamini
807 1729 944 1796 habilem
970 1729 1099 1807 iudicat,
1129 1732 1184 1794 sut
1215 1733 1301 1794 certe

173 1855 252 1920 quos
279 1837 368 1919 sequi
395 1836 517 1915 debeat,
545 1838 572 1904 ei
599 1838 672 1902 uolt
696 1838 798 1922 magis
824 1840 911 1902 recto
937 1837 1055 1902 discere
1083 1855 1175 1920 qnam
1203 1854 1303 1920 praua

172 1942 298 2020 docare3
330 1943 433 2020 habet,
462 1943 545 2025 quod
575 1944 710 2026 primum
734 1947 795 2021 est,
826 1943 1051 2008 beatitudiuem
1082 1945 1179 2019 tuam,
1209 1941 1301 2006 cuius
1320 1967 1348 2006 a

170 2048 262 2114 illum
294 2051 473 2132 oportuerat
500 2047 645 2131 oboedire
673 2049 854 2127 sententiae,
882 2068 955 2114 cum
983 2047 1105 2113 audiret
1143 2047 1300 2119 damna!;

171 2155 267 2220 habet
283 2159 441 2238 postremo
459 2153 546 2236 ipsos
568 2155 730 2234 lactantes,
755 2156 869 2238 quibus
893 2155 1033 2221 misereri
1051 2155 1172 2232 debeat,
1191 2153 1220 2218 si
1238 2152 1302 2218 eibi

172 2277 233 2325 non
252 2259 332 2336 uult,
353 2260 477 2342 quibus,
497 2263 534 2325 ut
555 2261 660 2326 uerbis
683 2262 827 2344 martyris
847 2265 927 2339 utar,
951 2279 1024 2326 non
1047 2259 1209 2344 propria
1232 2259 1302 2323 sed

122 2366 304 2440 10aliena
327 2365 592 2459 dimittuntur
612 2371 787 2450 peccata.
855 2366 937 2432 uude
959 2386 1011 2432 oro
1031 2368 1158 2431 beatum
1176 2367 1301 2447 aposte-

171 2470 272 2536 latnm
300 2474 401 2549 tuum,
435 2476 471 2536 ut
501 2473 584 2539 huuc
616 2484 720 2537 meum
749 2472 892 2537 libellum
925 2473 1044 2554 suscipi
1078 2472 1209 2549 iubeas,
1236 2489 1300 2552 quo
1320 2498 1349 2536 so

172 2577 304 2660 gratiam
327 2576 457 2642 referam
480 2581 584 2652 tentes
606 2578 675 2643 sedi
698 2582 729 2642 et
751 2578 915 2643 senmntiis
934 2577 1118 2656 iustissimis
1137 2595 1192 2660 pro
1211 2578 1300 2658 parte

171 2701 242 2749 mea
267 2684 350 2749 latis.
379 2703 470 2767 quem
492 2682 608 2750 ideirco
632 2684 737 2763 direxi,
762 2686 835 2768 quia
856 2705 916 2763 me,
939 2686 1016 2750 licet
1037 2702 1188 2760 sermone,
1210 2683 1300 2748 Basi-

170 2788 270 2855 liscus
293 2789 502 2855 subdiaconus
526 2809 544 2855 a
565 2793 620 2855 tua
641 2790 835 2855 beatitudine
859 2810 931 2856 cum
955 2791 1053 2876 gestis
1072 2790 1155 2856 sedis
1175 2791 1301 2872 aposto-

170 2895 250 2960 licae
281 2895 421 2962 directus
450 2895 635 2982 Carthagine
668 2897 815 2962 conuenit
842 2900 951 2980 quarto
978 2897 1083 2963 Nonas
1109 2893 1299 2962 Norrembris

173 3003 233 3082 die,
255 3003 293 3068 ut
314 3003 457 3084 adessem
480 3002 519 3065 ad
542 3002 747 3084 apostolicam
771 3003 877 3067 sedem
901 3007 934 3067 et
953 3007 1028 3067 tuae
1049 3001 1166 3066 iudicio
1185 3001 1299 3066 sancti·
1318 3022 1349 3063 as

170 3107 258 3184 tetis,
281 3107 320 3172 ad
343 3126 438 3189 quam
459 3124 509 3171 me
531 3098 652 3191 fugisse
675 3110 862 3192 suggestum
881 3109 939 3185 ost,
958 3126 1015 3172 nec
1034 3107 1214 3193 defuturum
1231 3105 1301 3171 iore

171 3213 395 3297 promitterem,
426 3213 455 3277 si
483 3212 650 3278 aduersum
680 3232 732 3276 me
763 3218 796 3276 et
825 3232 885 3278 non
917 3231 973 3296 pro
1004 3231 1055 3278 me
1085 3212 1201 3277 fnisset
1233 3211 1301 3276 lata
1364 3279 1366 3283 Α

121 3331 159 3396 11
172 3319 336 3386 sententia.
404 3318 460 3384 ubi
484 3320 560 3383 tuna
585 3318 656 3383 idea
683 3318 762 3382 nihil
785 3337 876 3403 agero
897 3319 999 3400 potui,
1022 3318 1096 3401 quia
1116 3318 1155 3395 is,
1182 3317 1237 3401 qni
1259 3318 1300 3383 ad

261 3509 294 3563 re
313 3500 438 3579 cypriani
457 3525 497 3578 ep.
518 3509 560 3573 el,
579 3490 604 3572 c,
623 3528 649 3580 p.
669 3510 717 3562 rer
739 3483 781 3563 eo.
800 3509 903 3564 uaeas.

206 3635 224 3687 4
246 3650 325 3702 quem
349 3632 384 3686 V:
409 3649 476 3701 quae
494 3633 564 3690 Bar.
672 3633 736 3702 quia
756 3632 804 3686 ille
823 3650 854 3686 ea
876 3633 911 3685 V:
936 3633 982 3702 qui
999 3632 1045 3686 ille
1064 3649 1096 3686 ea
1115 3648 1141 3696 a,
1160 3632 1233 3686 eade
1252 3635 1301 3702 qui

170 3722 219 3775 illa
237 3720 264 3772 ο2
316 3722 332 3774 6
350 3719 452 3775 habent
475 3720 505 3782 V,
525 3737 593 3775 corr.
614 3724 640 3791 pll
694 3719 709 3773 7
727 3737 782 3789 sqq.
797 3720 918 3775 doctores
938 3721 1029 3790 quiin
1047 3719 1123 3774 libris
1136 3721 1191 3773 suis
1206 3718 1301 3774 catho-

170 3811 237 3865 licos
252 3852 258 3864 .
275 3809 514 3879 ‚septentrionalis
534 3810 580 3879 qui
596 3809 673 3863 illum
692 3808 725 3864 de
744 3809 869 3879 originali
887 3814 934 3863 ete.
955 3809 987 3874 V,
1005 3824 1073 3862 corr.
1092 3808 1161 3862 Bar.
1215 3809 1232 3861 9
1251 3808 1301 3863 de·

171 3897 273 3954 siderat
286 3898 328 3952 bis
345 3897 371 3951 V
437 3899 524 3967 possit
541 3897 572 3962 V,
585 3899 690 3953 mereat
743 3899 774 3951 ll
787 3914 986 3952 nanzanzennm
1005 3897 1032 3951 V
1083 3898 1115 3951 19
1130 3903 1194 3951 ante
1207 3895 1302 3950 dimit·

170 3989 266 4041 tuntur
283 3986 334 4040 del.
353 3986 432 4041 dimit
455 3986 489 4050 V;
508 3988 683 4041 remittuntur
703 3985 783 4057 Cypr.
845 3987 881 4042 20
897 3987 950 4041 hnc
973 3986 1004 4051 V,
1023 4002 1090 4040 corr,
1110 4005 1123 4037 o
1177 3985 1210 4040 21
1229 3986 1302 4040 refe-

171 4078 233 4129 rant
254 4073 286 4140 V,
305 4089 372 4129 corr.
392 4072 420 4126 o²
489 4075 523 4128 26
541 4075 624 4129 inisse
644 4074 674 4139 V,
688 4090 756 4129 corr.
775 4093 793 4125 α
880 4073 1014 4129 uec<me>
1031 4074 1121 4128 doust.
1184 4075 1218 4128 27
1236 4091 1303 4143 pro-

172 4163 279 4218 mittere
301 4161 333 4227 V,
352 4179 420 4217 corr.
442 4161 532 4217 Coast.
586 4163 620 4217 28
638 4162 677 4216 ibi
698 4161 787 4219 (lauet.
858 4163 901 4217 his
924 4161 955 4228 V,
974 4177 1041 4216 corr.
1062 4161 1088 4229 p²
