<?xml version="1.0" encoding="UTF-8"?>
<!DOCTYPE html PUBLIC "-//W3C//DTD XHTML 1.0 Transitional//EN"
    "http://www.w3.org/TR/xhtml1/DTD/xhtml1-transitional.dtd">
<html xmlns="http://www.w3.org/1999/xhtml" xml:lang="en" lang="en">
 <head>
  <title>
</title>
<meta http-equiv="Content-Type" content="text/html;charset=utf-8" />
  <meta name='ocr-system' content='tesseract 3.04.00' />
  <meta name='ocr-capabilities' content='ocr_page ocr_carea ocr_par ocr_line ocrx_word'/>
</head>
<body>
  <div class='ocr_page' id='page_1' title='image "./epistulaeimpera01gngoog_0225.png"; bbox 0 0 2904 4672; ppageno 0'>
   <div class='ocr_carea' id='block_1_1' title="bbox 162 218 1045 291">
    <p class='ocr_par' dir='ltr' id='par_1_1' title="bbox 162 218 1045 291">
     <span class='ocr_line' id='line_1_1' title="bbox 162 218 1045 291; baseline -0.011 -9"><span class='ocrx_word' id='word_1_1' title='bbox 162 227 225 291; x_wconf 84' lang='lat'>120</span> <span class='ocrx_word' id='word_1_2' title='bbox 402 221 500 276; x_wconf 77' lang='lat' dir='ltr'>Leonis</span> <span class='ocrx_word' id='word_1_3' title='bbox 518 220 539 278; x_wconf 92' lang='lat' dir='ltr'>I.</span> <span class='ocrx_word' id='word_1_4' title='bbox 559 220 593 275; x_wconf 87' lang='lat' dir='ltr'>de</span> <span class='ocrx_word' id='word_1_5' title='bbox 610 220 690 275; x_wconf 91' lang='lat' dir='ltr'>rebus</span> <span class='ocrx_word' id='word_1_6' title='bbox 708 218 895 274; x_wconf 78' lang='lat' dir='ltr'>Alexandrinis</span> <span class='ocrx_word' id='word_1_7' title='bbox 913 219 1045 289; x_wconf 76' lang='lat' dir='ltr'>epistulae</span> 
     </span>
    </p>
   </div>
   <div class='ocr_carea' id='block_1_2' title="bbox 160 415 1335 1032">
    <p class='ocr_par' dir='ltr' id='par_1_2' title="bbox 160 415 1335 1032">
     <span class='ocr_line' id='line_1_2' title="bbox 161 415 1293 500; baseline -0.001 -17"><span class='ocrx_word' id='word_1_8' title='bbox 161 438 218 500; x_wconf 91' lang='lat' dir='ltr'>per</span> <span class='ocrx_word' id='word_1_9' title='bbox 241 417 428 484; x_wconf 84' lang='lat' dir='ltr'>orthodoxos</span> <span class='ocrx_word' id='word_1_10' title='bbox 450 416 623 500; x_wconf 81' lang='lat' dir='ltr'>Aegyptios</span> <span class='ocrx_word' id='word_1_11' title='bbox 647 421 854 491; x_wconf 82' lang='lat' dir='ltr'>consecretur,</span> <span class='ocrx_word' id='word_1_12' title='bbox 878 416 952 498; x_wconf 89' lang='lat' dir='ltr'>quia</span> <span class='ocrx_word' id='word_1_13' title='bbox 978 415 1134 498; x_wconf 84' lang='lat' dir='ltr'>parricida</span> <span class='ocrx_word' id='word_1_14' title='bbox 1155 417 1210 483; x_wconf 92' lang='lat' dir='ltr'>ille</span> <span class='ocrx_word' id='word_1_15' title='bbox 1233 435 1293 482; x_wconf 90' lang='lat' dir='ltr'>nou</span> 
     </span>
     <span class='ocr_line' id='line_1_3' title="bbox 162 521 1293 601; baseline -0.001 -13"><span class='ocrx_word' id='word_1_16' title='bbox 162 524 242 590; x_wconf 88' lang='lat' dir='ltr'>alias</span> <span class='ocrx_word' id='word_1_17' title='bbox 265 543 284 588; x_wconf 88' lang='lat' dir='ltr'>a</span> <span class='ocrx_word' id='word_1_18' title='bbox 305 524 373 588; x_wconf 90' lang='lat' dir='ltr'>suis</span> <span class='ocrx_word' id='word_1_19' title='bbox 397 523 613 588; x_wconf 83' lang='lat' dir='ltr'>defensoribus</span> <span class='ocrx_word' id='word_1_20' title='bbox 637 522 801 600; x_wconf 89' lang='lat' dir='ltr'>deseritur,</span> <span class='ocrx_word' id='word_1_21' title='bbox 825 521 887 586; x_wconf 91' lang='lat' dir='ltr'>nisi</span> <span class='ocrx_word' id='word_1_22' title='bbox 909 522 1118 587; x_wconf 82' lang='lat' dir='ltr'>Alexandrina</span> <span class='ocrx_word' id='word_1_23' title='bbox 1148 523 1293 601; x_wconf 82' lang='lat' dir='ltr'>ecelesia,</span> 
     </span>
     <span class='ocr_line' id='line_1_4' title="bbox 164 628 1294 715; baseline -0.004 -18"><span class='ocrx_word' id='word_1_24' title='bbox 164 650 244 715; x_wconf 87' lang='lat' dir='ltr'>quaa</span> <span class='ocrx_word' id='word_1_25' title='bbox 266 633 391 714; x_wconf 83' lang='lat' dir='ltr'>patrum</span> <span class='ocrx_word' id='word_1_26' title='bbox 415 629 524 694; x_wconf 89' lang='lat' dir='ltr'>honori</span> <span class='ocrx_word' id='word_1_27' title='bbox 548 633 581 693; x_wconf 93' lang='lat' dir='ltr'>et</span> <span class='ocrx_word' id='word_1_28' title='bbox 603 647 678 694; x_wconf 87' lang='lat' dir='ltr'>suae</span> <span class='ocrx_word' id='word_1_29' title='bbox 700 628 895 694; x_wconf 87' lang='lat' dir='ltr'>restituenda</span> <span class='ocrx_word' id='word_1_30' title='bbox 913 631 963 693; x_wconf 89' lang='lat' dir='ltr'>est</span> <span class='ocrx_word' id='word_1_31' title='bbox 975 629 1126 707; x_wconf 88' lang='lat' dir='ltr'>libertati,</span> <span class='ocrx_word' id='word_1_32' title='bbox 1140 633 1294 694; x_wconf 82' lang='lat' dir='ltr'>rectorem</span> 
     </span>
     <span class='ocr_line' id='line_1_5' title="bbox 164 735 1292 819; baseline -0.004 -17"><span class='ocrx_word' id='word_1_33' title='bbox 164 737 310 803; x_wconf 84' lang='lat' dir='ltr'>sanandis</span> <span class='ocrx_word' id='word_1_34' title='bbox 352 736 506 814; x_wconf 89' lang='lat' dir='ltr'>omnihus,</span> <span class='ocrx_word' id='word_1_35' title='bbox 549 753 629 817; x_wconf 87' lang='lat' dir='ltr'>quae</span> <span class='ocrx_word' id='word_1_36' title='bbox 669 735 752 799; x_wconf 89' lang='lat' dir='ltr'>male</span> <span class='ocrx_word' id='word_1_37' title='bbox 793 739 884 819; x_wconf 75' lang='lat' dir='ltr'>&#39;gesta</span> <span class='ocrx_word' id='word_1_38' title='bbox 915 736 999 813; x_wconf 90' lang='lat' dir='ltr'>sunt,</span> <span class='ocrx_word' id='word_1_39' title='bbox 1035 735 1292 819; x_wconf 89' lang='lat' dir='ltr'>probatissimum</span> 
     </span>
     <span class='ocr_line' id='line_1_6' title="bbox 160 840 1335 925; baseline -0.004 -17"><span class='ocrx_word' id='word_1_40' title='bbox 160 844 259 908; x_wconf 89' lang='lat' dir='ltr'>fuerit</span> <span class='ocrx_word' id='word_1_41' title='bbox 300 844 479 907; x_wconf 78' lang='lat' dir='ltr'>consecuta.</span> <span class='ocrx_word' id='word_1_42' title='bbox 547 841 620 906; x_wconf 89' lang='lat' dir='ltr'>Dat.</span> <span class='ocrx_word' id='word_1_43' title='bbox 660 841 729 905; x_wconf 89' lang='lat' dir='ltr'>XV.</span> <span class='ocrx_word' id='word_1_44' title='bbox 771 840 983 905; x_wconf 85' lang='lat' dir='ltr'>Kalendarum</span> <span class='ocrx_word' id='word_1_45' title='bbox 1020 841 1080 906; x_wconf 88' lang='lat' dir='ltr'>Iul.</span> <span class='ocrx_word' id='word_1_46' title='bbox 1113 841 1230 925; x_wconf 88' lang='lat' dir='ltr'>Magno</span> <span class='ocrx_word' id='word_1_47' title='bbox 1263 842 1335 904; x_wconf 68' lang='lat' dir='ltr'>etr</span> 
     </span>
     <span class='ocr_line' id='line_1_7' title="bbox 162 947 1099 1032; baseline 0 -19"><span class='ocrx_word' id='word_1_48' title='bbox 162 949 331 1032; x_wconf 81' lang='lat' dir='ltr'>Apollonio</span> <span class='ocrx_word' id='word_1_49' title='bbox 355 966 457 1013; x_wconf 82' lang='lat' dir='ltr'>conss.</span> <span class='ocrx_word' id='word_1_50' title='bbox 480 947 541 1012; x_wconf 90' lang='lat' dir='ltr'>Per</span> <span class='ocrx_word' id='word_1_51' title='bbox 562 947 747 1012; x_wconf 82' lang='lat' dir='ltr'>Filoxenum</span> <span class='ocrx_word' id='word_1_52' title='bbox 772 950 915 1030; x_wconf 86' lang='lat' dir='ltr'>agentem</span> <span class='ocrx_word' id='word_1_53' title='bbox 941 948 972 1011; x_wconf 92' lang='lat' dir='ltr'>in</span> <span class='ocrx_word' id='word_1_54' title='bbox 996 949 1099 1013; x_wconf 85' lang='lat' dir='ltr'>robus.</span> 
     </span>
    </p>
   </div>
   <div class='ocr_carea' id='block_1_3' title="bbox 685 1137 770 1223">
    <p class='ocr_par' dir='ltr' id='par_1_3' title="bbox 685 1137 770 1223">
     <span class='ocr_line' id='line_1_8' title="bbox 685 1137 770 1223; baseline -0.012 0"><span class='ocrx_word' id='word_1_55' title='bbox 685 1137 770 1223; x_wconf 78' lang='lat'><strong>(53.)</strong></span> 
     </span>
    </p>
   </div>
   <div class='ocr_carea' id='block_1_4' title="bbox 121 1281 1343 3254">
    <p class='ocr_par' dir='ltr' id='par_1_4' title="bbox 164 1281 1335 1664">
     <span class='ocr_line' id='line_1_9' title="bbox 206 1281 1291 1333; baseline 0 -4"><span class='ocrx_word' id='word_1_56' title='bbox 206 1283 263 1329; x_wconf 81' lang='lat' dir='ltr'>uso</span> <span class='ocrx_word' id='word_1_57' title='bbox 290 1282 457 1329; x_wconf 80' lang='lat' dir='ltr'>anscerus</span> <span class='ocrx_word' id='word_1_58' title='bbox 486 1282 637 1328; x_wconf 82' lang='lat' dir='ltr'>arrosuso</span> <span class='ocrx_word' id='word_1_59' title='bbox 666 1281 816 1327; x_wconf 81' lang='lat' dir='ltr'>narscoro</span> <span class='ocrx_word' id='word_1_60' title='bbox 845 1281 1017 1329; x_wconf 80' lang='lat' dir='ltr'>oarnonroo</span> <span class='ocrx_word' id='word_1_61' title='bbox 1045 1283 1291 1333; x_wconf 67' lang='lat' dir='ltr'>aususausus</span> 
     </span>
     <span class='ocr_line' id='line_1_10' title="bbox 164 1369 1293 1452; baseline -0.001 -16"><span class='ocrx_word' id='word_1_62' title='bbox 164 1389 347 1436; x_wconf 81' lang='lat' dir='ltr'>aecussras.</span> <span class='ocrx_word' id='word_1_63' title='bbox 397 1369 570 1434; x_wconf 77' lang='lat' dir='ltr'>Euidenter</span> <span class='ocrx_word' id='word_1_64' title='bbox 592 1371 721 1451; x_wconf 87' lang='lat' dir='ltr'>apparet</span> <span class='ocrx_word' id='word_1_65' title='bbox 743 1369 802 1432; x_wconf 89' lang='lat' dir='ltr'>sub</span> <span class='ocrx_word' id='word_1_66' title='bbox 826 1369 1016 1450; x_wconf 88' lang='lat' dir='ltr'>apostolieae</span> <span class='ocrx_word' id='word_1_67' title='bbox 1040 1371 1205 1452; x_wconf 87' lang='lat' dir='ltr'>splendore</span> <span class='ocrx_word' id='word_1_68' title='bbox 1224 1390 1293 1435; x_wconf 87' lang='lat' dir='ltr'>seu-</span> 
     </span>
     <span class='ocr_line' id='line_1_11' title="bbox 164 1474 1335 1561; baseline -0.001 -18"><span class='ocrx_word' id='word_1_69' title='bbox 164 1477 290 1556; x_wconf 86' lang='lat' dir='ltr'>tentiae,</span> <span class='ocrx_word' id='word_1_70' title='bbox 307 1474 784 1559; x_wconf 81' lang='lat' dir='ltr'>quoniamdiligentibus</span> <span class='ocrx_word' id='word_1_71' title='bbox 800 1474 1057 1540; x_wconf 89' lang='lat' dir='ltr'>deumomuia</span> <span class='ocrx_word' id='word_1_72' title='bbox 1079 1495 1292 1561; x_wconf 81' lang='lat' dir='ltr'>cooporan·</span> <span class='ocrx_word' id='word_1_73' title='bbox 1310 1492 1335 1532; x_wconf 75' lang='lat'>1⁰</span> 
     </span>
     <span class='ocr_line' id='line_1_12' title="bbox 165 1580 1293 1664; baseline 0.001 -16"><span class='ocrx_word' id='word_1_74' title='bbox 165 1593 230 1649; x_wconf 90' lang='lat' dir='ltr'>tur</span> <span class='ocrx_word' id='word_1_75' title='bbox 249 1583 288 1646; x_wconf 91' lang='lat' dir='ltr'>iu</span> <span class='ocrx_word' id='word_1_76' title='bbox 311 1583 463 1659; x_wconf 90' lang='lat' dir='ltr'>bouum,</span> <span class='ocrx_word' id='word_1_77' title='bbox 488 1584 520 1646; x_wconf 86' lang='lat' dir='ltr'>et</span> <span class='ocrx_word' id='word_1_78' title='bbox 543 1581 667 1646; x_wconf 91' lang='lat' dir='ltr'>diuinae</span> <span class='ocrx_word' id='word_1_79' title='bbox 691 1580 921 1664; x_wconf 87' lang='lat' dir='ltr'>dispensatione</span> <span class='ocrx_word' id='word_1_80' title='bbox 952 1581 1091 1664; x_wconf 86' lang='lat' dir='ltr'>pietatis,</span> <span class='ocrx_word' id='word_1_81' title='bbox 1127 1584 1182 1649; x_wconf 93' lang='lat' dir='ltr'>ubi</span> <span class='ocrx_word' id='word_1_82' title='bbox 1215 1585 1293 1650; x_wconf 84' lang='lat' dir='ltr'>axei-</span> 
     </span>
    </p>

    <p class='ocr_par' dir='ltr' id='par_1_5' title="bbox 121 1686 1343 2619">
     <span class='ocr_line' id='line_1_13' title="bbox 121 1686 1293 1773; baseline 0.001 -18"><span class='ocrx_word' id='word_1_83' title='bbox 121 1698 140 1760; x_wconf 86' lang='lat'>2</span> <span class='ocrx_word' id='word_1_84' title='bbox 163 1691 293 1773; x_wconf 89' lang='lat' dir='ltr'>piuntur</span> <span class='ocrx_word' id='word_1_85' title='bbox 316 1688 457 1764; x_wconf 87' lang='lat' dir='ltr'>aduersa,</span> <span class='ocrx_word' id='word_1_86' title='bbox 480 1688 526 1752; x_wconf 93' lang='lat' dir='ltr'>ibi</span> <span class='ocrx_word' id='word_1_87' title='bbox 549 1686 703 1752; x_wconf 90' lang='lat' dir='ltr'>donantur</span> <span class='ocrx_word' id='word_1_88' title='bbox 726 1689 758 1752; x_wconf 90' lang='lat' dir='ltr'>et</span> <span class='ocrx_word' id='word_1_89' title='bbox 779 1705 937 1771; x_wconf 88' lang='lat' dir='ltr'>prospera.</span> <span class='ocrx_word' id='word_1_90' title='bbox 1006 1689 1088 1771; x_wconf 89' lang='lat' dir='ltr'>quod</span> <span class='ocrx_word' id='word_1_91' title='bbox 1113 1691 1293 1755; x_wconf 87' lang='lat' dir='ltr'>Alexandri-</span> 
     </span>
     <span class='ocr_line' id='line_1_14' title="bbox 164 1793 1294 1877; baseline 0 -16"><span class='ocrx_word' id='word_1_92' title='bbox 164 1815 221 1861; x_wconf 87' lang='lat' dir='ltr'>nae</span> <span class='ocrx_word' id='word_1_93' title='bbox 245 1795 396 1861; x_wconf 79' lang='lat' dir='ltr'>eeclesiae</span> <span class='ocrx_word' id='word_1_94' title='bbox 429 1793 637 1877; x_wconf 82' lang='lat' dir='ltr'>experimenta</span> <span class='ocrx_word' id='word_1_95' title='bbox 669 1793 892 1871; x_wconf 89' lang='lat' dir='ltr'>demonstrant,</span> <span class='ocrx_word' id='word_1_96' title='bbox 924 1794 956 1857; x_wconf 92' lang='lat' dir='ltr'>iu</span> <span class='ocrx_word' id='word_1_97' title='bbox 989 1814 1051 1876; x_wconf 88' lang='lat' dir='ltr'>qua</span> <span class='ocrx_word' id='word_1_98' title='bbox 1081 1797 1199 1861; x_wconf 91' lang='lat' dir='ltr'>multos</span> <span class='ocrx_word' id='word_1_99' title='bbox 1232 1796 1294 1861; x_wconf 87' lang='lat' dir='ltr'>sibi</span> 
     </span>
     <span class='ocr_line' id='line_1_15' title="bbox 164 1898 1294 1986; baseline 0.001 -20"><span class='ocrx_word' id='word_1_100' title='bbox 164 1902 382 1986; x_wconf 88' lang='lat' dir='ltr'>patien&lt;tiae&gt;</span> <span class='ocrx_word' id='word_1_101' title='bbox 393 1901 559 1965; x_wconf 79' lang='lat' dir='ltr'>thesauros</span> <span class='ocrx_word' id='word_1_102' title='bbox 582 1898 751 1964; x_wconf 90' lang='lat' dir='ltr'>humilium</span> <span class='ocrx_word' id='word_1_103' title='bbox 774 1898 920 1963; x_wconf 87' lang='lat' dir='ltr'>molestia</span> <span class='ocrx_word' id='word_1_104' title='bbox 937 1904 970 1965; x_wconf 88' lang='lat' dir='ltr'>et</span> <span class='ocrx_word' id='word_1_105' title='bbox 983 1900 1150 1966; x_wconf 75' lang='lat' dir='ltr'>tolerantia</span> <span class='ocrx_word' id='word_1_106' title='bbox 1166 1920 1294 1986; x_wconf 82' lang='lat' dir='ltr'>congre-</span> 
     </span>
     <span class='ocr_line' id='line_1_16' title="bbox 166 2003 1337 2093; baseline 0.001 -21"><span class='ocrx_word' id='word_1_107' title='bbox 166 2008 265 2093; x_wconf 86' lang='lat' dir='ltr'>gauit,</span> <span class='ocrx_word' id='word_1_108' title='bbox 281 2007 479 2088; x_wconf 84' lang='lat' dir='ltr'>quiaiuxta</span> <span class='ocrx_word' id='word_1_109' title='bbox 502 2009 564 2070; x_wconf 91' lang='lat' dir='ltr'>est</span> <span class='ocrx_word' id='word_1_110' title='bbox 583 2004 765 2071; x_wconf 91' lang='lat' dir='ltr'>dominus</span> <span class='ocrx_word' id='word_1_111' title='bbox 787 2003 861 2081; x_wconf 87' lang='lat' dir='ltr'>his,</span> <span class='ocrx_word' id='word_1_112' title='bbox 886 2005 953 2086; x_wconf 91' lang='lat' dir='ltr'>qui</span> <span class='ocrx_word' id='word_1_113' title='bbox 975 2006 1175 2073; x_wconf 85' lang='lat' dir='ltr'>tribulato</span> <span class='ocrx_word' id='word_1_114' title='bbox 1199 2011 1294 2073; x_wconf 89' lang='lat' dir='ltr'>suut</span> <span class='ocrx_word' id='word_1_115' title='bbox 1311 2021 1337 2064; x_wconf 68' lang='lat'>1⁶</span> 
     </span>
     <span class='ocr_line' id='line_1_17' title="bbox 167 2111 1294 2196; baseline 0 -18"><span class='ocrx_word' id='word_1_116' title='bbox 167 2112 294 2189; x_wconf 85' lang='lat' dir='ltr'>eorde,</span> <span class='ocrx_word' id='word_1_117' title='bbox 337 2114 376 2175; x_wconf 87' lang='lat' dir='ltr'>at</span> <span class='ocrx_word' id='word_1_118' title='bbox 413 2112 588 2175; x_wconf 90' lang='lat' dir='ltr'>humiles</span> <span class='ocrx_word' id='word_1_119' title='bbox 628 2111 778 2193; x_wconf 90' lang='lat' dir='ltr'>spiritu</span> <span class='ocrx_word' id='word_1_120' title='bbox 820 2111 1012 2187; x_wconf 86' lang='lat' dir='ltr'>saluabit,</span> <span class='ocrx_word' id='word_1_121' title='bbox 1056 2113 1230 2196; x_wconf 79' lang='lat' dir='ltr'>glorificata</span> <span class='ocrx_word' id='word_1_122' title='bbox 1260 2114 1294 2178; x_wconf 92' lang='lat' dir='ltr'>in</span> 
     </span>
     <span class='ocr_line' id='line_1_18' title="bbox 164 2216 1294 2300; baseline 0 -17"><span class='ocrx_word' id='word_1_123' title='bbox 164 2218 310 2284; x_wconf 90' lang='lat' dir='ltr'>omuibus</span> <span class='ocrx_word' id='word_1_124' title='bbox 332 2217 435 2282; x_wconf 90' lang='lat' dir='ltr'>inoliti</span> <span class='ocrx_word' id='word_1_125' title='bbox 457 2217 608 2300; x_wconf 82' lang='lat' dir='ltr'>principis</span> <span class='ocrx_word' id='word_1_126' title='bbox 630 2217 702 2294; x_wconf 90' lang='lat' dir='ltr'>fide,</span> <span class='ocrx_word' id='word_1_127' title='bbox 734 2235 789 2299; x_wconf 90' lang='lat' dir='ltr'>per</span> <span class='ocrx_word' id='word_1_128' title='bbox 820 2235 913 2299; x_wconf 90' lang='lat' dir='ltr'>quem</span> <span class='ocrx_word' id='word_1_129' title='bbox 946 2216 1109 2282; x_wconf 83' lang='lat' dir='ltr'>dextera</span> <span class='ocrx_word' id='word_1_130' title='bbox 1141 2219 1294 2284; x_wconf 92' lang='lat' dir='ltr'>domini</span> 
     </span>
     <span class='ocr_line' id='line_1_19' title="bbox 163 2323 1295 2404; baseline 0.002 -15"><span class='ocrx_word' id='word_1_131' title='bbox 163 2324 267 2389; x_wconf 87' lang='lat' dir='ltr'>feeit</span> <span class='ocrx_word' id='word_1_132' title='bbox 288 2323 497 2400; x_wconf 86' lang='lat' dir='ltr'>uirtutem,</span> <span class='ocrx_word' id='word_1_133' title='bbox 516 2341 554 2388; x_wconf 89' lang='lat' dir='ltr'>ne</span> <span class='ocrx_word' id='word_1_134' title='bbox 576 2323 609 2387; x_wconf 91' lang='lat' dir='ltr'>in</span> <span class='ocrx_word' id='word_1_135' title='bbox 632 2324 743 2388; x_wconf 83' lang='lat' dir='ltr'>throno</span> <span class='ocrx_word' id='word_1_136' title='bbox 767 2323 930 2388; x_wconf 87' lang='lat' dir='ltr'>beatorum</span> <span class='ocrx_word' id='word_1_137' title='bbox 957 2326 1081 2404; x_wconf 89' lang='lat' dir='ltr'>patrum</span> <span class='ocrx_word' id='word_1_138' title='bbox 1115 2324 1295 2391; x_wconf 82' lang='lat' dir='ltr'>antichristi</span> 
     </span>
     <span class='ocr_line' id='line_1_20' title="bbox 164 2428 1294 2515; baseline 0.002 -21"><span class='ocrx_word' id='word_1_139' title='bbox 164 2430 284 2494; x_wconf 88' lang='lat' dir='ltr'>diutius</span> <span class='ocrx_word' id='word_1_140' title='bbox 324 2429 447 2493; x_wconf 86' lang='lat' dir='ltr'>sederet</span> <span class='ocrx_word' id='word_1_141' title='bbox 476 2429 692 2513; x_wconf 73' lang='lat' dir='ltr'>opprobrium,</span> <span class='ocrx_word' id='word_1_142' title='bbox 724 2429 815 2495; x_wconf 85' lang='lat' dir='ltr'>ouius</span> <span class='ocrx_word' id='word_1_143' title='bbox 853 2428 1001 2512; x_wconf 88' lang='lat' dir='ltr'>impietas</span> <span class='ocrx_word' id='word_1_144' title='bbox 1041 2430 1158 2494; x_wconf 88' lang='lat' dir='ltr'>nemini</span> <span class='ocrx_word' id='word_1_145' title='bbox 1189 2431 1294 2515; x_wconf 85' lang='lat' dir='ltr'>magis</span> 
     </span>
     <span class='ocr_line' id='line_1_21' title="bbox 165 2535 1343 2619; baseline -0.002 -19"><span class='ocrx_word' id='word_1_146' title='bbox 165 2554 257 2619; x_wconf 91' lang='lat' dir='ltr'>quam</span> <span class='ocrx_word' id='word_1_147' title='bbox 281 2535 342 2601; x_wconf 91' lang='lat' dir='ltr'>sibi</span> <span class='ocrx_word' id='word_1_148' title='bbox 364 2535 482 2612; x_wconf 79' lang='lat' dir='ltr'>nocuit,</span> <span class='ocrx_word' id='word_1_149' title='bbox 512 2535 584 2617; x_wconf 90' lang='lat' dir='ltr'>quia</span> <span class='ocrx_word' id='word_1_150' title='bbox 611 2536 671 2600; x_wconf 88' lang='lat' dir='ltr'>etsi</span> <span class='ocrx_word' id='word_1_151' title='bbox 703 2536 825 2617; x_wconf 83' lang='lat' dir='ltr'>aliquos</span> <span class='ocrx_word' id='word_1_152' title='bbox 858 2535 898 2599; x_wconf 94' lang='lat' dir='ltr'>ad</span> <span class='ocrx_word' id='word_1_153' title='bbox 929 2537 1112 2600; x_wconf 84' lang='lat' dir='ltr'>societatem</span> <span class='ocrx_word' id='word_1_154' title='bbox 1144 2535 1295 2602; x_wconf 90' lang='lat' dir='ltr'>faoiuoris</span> <span class='ocrx_word' id='word_1_155' title='bbox 1313 2558 1343 2598; x_wconf 80' lang='lat' dir='ltr'>so</span> 
     </span>
    </p>

    <p class='ocr_par' dir='ltr' id='par_1_6' title="bbox 121 2640 1343 3254">
     <span class='ocr_line' id='line_1_22' title="bbox 121 2640 1294 2725; baseline 0 -19"><span class='ocrx_word' id='word_1_156' title='bbox 121 2641 301 2725; x_wconf 90' lang='lat' dir='ltr'>3impulit,</span> <span class='ocrx_word' id='word_1_157' title='bbox 333 2660 367 2706; x_wconf 92' lang='lat' dir='ltr'>se</span> <span class='ocrx_word' id='word_1_158' title='bbox 403 2644 509 2707; x_wconf 89' lang='lat' dir='ltr'>tamen</span> <span class='ocrx_word' id='word_1_159' title='bbox 541 2641 772 2723; x_wconf 84' lang='lat' dir='ltr'>inexpiabiliter</span> <span class='ocrx_word' id='word_1_160' title='bbox 799 2641 985 2707; x_wconf 79' lang='lat' dir='ltr'>cruentabit.</span> <span class='ocrx_word' id='word_1_161' title='bbox 1053 2640 1136 2706; x_wconf 91' lang='lat' dir='ltr'>unde</span> <span class='ocrx_word' id='word_1_162' title='bbox 1168 2641 1207 2705; x_wconf 90' lang='lat' dir='ltr'>de</span> <span class='ocrx_word' id='word_1_163' title='bbox 1246 2659 1294 2716; x_wconf 90' lang='lat' dir='ltr'>eo,</span> 
     </span>
     <span class='ocr_line' id='line_1_23' title="bbox 164 2746 1295 2831; baseline 0.001 -20"><span class='ocrx_word' id='word_1_164' title='bbox 164 2747 248 2831; x_wconf 89' lang='lat' dir='ltr'>quod</span> <span class='ocrx_word' id='word_1_165' title='bbox 265 2748 418 2813; x_wconf 88' lang='lat' dir='ltr'>iustiuotu</span> <span class='ocrx_word' id='word_1_166' title='bbox 440 2746 514 2812; x_wconf 88' lang='lat' dir='ltr'>fidei</span> <span class='ocrx_word' id='word_1_167' title='bbox 536 2747 568 2812; x_wconf 90' lang='lat' dir='ltr'>in</span> <span class='ocrx_word' id='word_1_168' title='bbox 591 2746 784 2813; x_wconf 84' lang='lat' dir='ltr'>fraternitate</span> <span class='ocrx_word' id='word_1_169' title='bbox 807 2752 862 2812; x_wconf 88' lang='lat' dir='ltr'>tua</span> <span class='ocrx_word' id='word_1_170' title='bbox 894 2747 969 2812; x_wconf 88' lang='lat' dir='ltr'>oleri</span> <span class='ocrx_word' id='word_1_171' title='bbox 1001 2750 1033 2812; x_wconf 89' lang='lat' dir='ltr'>et</span> <span class='ocrx_word' id='word_1_172' title='bbox 1063 2747 1164 2830; x_wconf 88' lang='lat' dir='ltr'>plebis</span> <span class='ocrx_word' id='word_1_173' title='bbox 1198 2750 1295 2830; x_wconf 86' lang='lat' dir='ltr'>atque</span> 
     </span>
     <span class='ocr_line' id='line_1_24' title="bbox 164 2853 1296 2936; baseline 0 -18"><span class='ocrx_word' id='word_1_174' title='bbox 164 2853 304 2918; x_wconf 85' lang='lat' dir='ltr'>omniurn</span> <span class='ocrx_word' id='word_1_175' title='bbox 332 2853 475 2918; x_wconf 89' lang='lat' dir='ltr'>fidelium</span> <span class='ocrx_word' id='word_1_176' title='bbox 506 2853 573 2936; x_wconf 86' lang='lat' dir='ltr'>agit</span> <span class='ocrx_word' id='word_1_177' title='bbox 604 2853 727 2930; x_wconf 82' lang='lat' dir='ltr'>electio,</span> <span class='ocrx_word' id='word_1_178' title='bbox 759 2854 937 2918; x_wconf 88' lang='lat' dir='ltr'>uniuersam</span> <span class='ocrx_word' id='word_1_179' title='bbox 970 2872 1093 2918; x_wconf 89' lang='lat' dir='ltr'>meeum</span> <span class='ocrx_word' id='word_1_180' title='bbox 1127 2853 1296 2918; x_wconf 83' lang='lat' dir='ltr'>ecelesiam</span> 
     </span>
     <span class='ocr_line' id='line_1_25' title="bbox 164 2958 1295 3044; baseline -0.002 -19"><span class='ocrx_word' id='word_1_181' title='bbox 164 2959 283 3025; x_wconf 89' lang='lat' dir='ltr'>domini</span> <span class='ocrx_word' id='word_1_182' title='bbox 306 2958 439 3044; x_wconf 86' lang='lat' dir='ltr'>gaudere</span> <span class='ocrx_word' id='word_1_183' title='bbox 462 2959 598 3024; x_wconf 90' lang='lat' dir='ltr'>resoriho</span> <span class='ocrx_word' id='word_1_184' title='bbox 621 2963 719 3042; x_wconf 88' lang='lat' dir='ltr'>utque</span> <span class='ocrx_word' id='word_1_185' title='bbox 742 2960 801 3024; x_wconf 91' lang='lat' dir='ltr'>hoe</span> <span class='ocrx_word' id='word_1_186' title='bbox 824 2959 1001 3044; x_wconf 83' lang='lat' dir='ltr'>benignitas</span> <span class='ocrx_word' id='word_1_187' title='bbox 1021 2959 1145 3023; x_wconf 89' lang='lat' dir='ltr'>diuinae</span> <span class='ocrx_word' id='word_1_188' title='bbox 1163 2959 1295 3040; x_wconf 87' lang='lat' dir='ltr'>pietatis</span> 
     </span>
     <span class='ocr_line' id='line_1_26' title="bbox 164 3065 1343 3149; baseline 0.001 -19"><span class='ocrx_word' id='word_1_189' title='bbox 164 3065 374 3148; x_wconf 81' lang='lat' dir='ltr'>multiplicata</span> <span class='ocrx_word' id='word_1_190' title='bbox 397 3065 498 3149; x_wconf 81' lang='lat' dir='ltr'>gratia</span> <span class='ocrx_word' id='word_1_191' title='bbox 520 3065 691 3140; x_wconf 79' lang='lat' dir='ltr'>confirmet,</span> <span class='ocrx_word' id='word_1_192' title='bbox 715 3068 836 3149; x_wconf 81' lang='lat' dir='ltr'>exopto,</span> <span class='ocrx_word' id='word_1_193' title='bbox 859 3065 905 3131; x_wconf 89' lang='lat' dir='ltr'>ita</span> <span class='ocrx_word' id='word_1_194' title='bbox 926 3065 988 3148; x_wconf 88' lang='lat' dir='ltr'>ipsi</span> <span class='ocrx_word' id='word_1_195' title='bbox 1016 3084 1070 3148; x_wconf 92' lang='lat' dir='ltr'>per</span> <span class='ocrx_word' id='word_1_196' title='bbox 1102 3065 1205 3130; x_wconf 90' lang='lat' dir='ltr'>omnia</span> <span class='ocrx_word' id='word_1_197' title='bbox 1237 3067 1296 3129; x_wconf 91' lang='lat' dir='ltr'>tua</span> <span class='ocrx_word' id='word_1_198' title='bbox 1315 3085 1343 3131; x_wconf 80' lang='lat' dir='ltr'>rs</span> 
     </span>
     <span class='ocr_line' id='line_1_27' title="bbox 167 3166 1297 3254; baseline 0 -19"><span class='ocrx_word' id='word_1_199' title='bbox 167 3171 334 3236; x_wconf 88' lang='lat' dir='ltr'>deuotione</span> <span class='ocrx_word' id='word_1_200' title='bbox 356 3171 538 3249; x_wconf 88' lang='lat' dir='ltr'>famulante,</span> <span class='ocrx_word' id='word_1_201' title='bbox 561 3174 599 3236; x_wconf 88' lang='lat' dir='ltr'>ut</span> <span class='ocrx_word' id='word_1_202' title='bbox 628 3171 722 3236; x_wconf 87' lang='lat' dir='ltr'>etiam</span> <span class='ocrx_word' id='word_1_203' title='bbox 754 3191 818 3250; x_wconf 89' lang='lat' dir='ltr'>eos,</span> <span class='ocrx_word' id='word_1_204' title='bbox 852 3172 905 3254; x_wconf 90' lang='lat' dir='ltr'>qui</span> <span class='ocrx_word' id='word_1_205' title='bbox 938 3171 1063 3236; x_wconf 89' lang='lat' dir='ltr'>ueritati</span> <span class='ocrx_word' id='word_1_206' title='bbox 1095 3166 1297 3252; x_wconf 85' lang='lat' dir='ltr'>aliquatenus</span> 
     </span>
    </p>
   </div>
   <div class='ocr_carea' id='block_1_5' title="bbox 202 3332 1136 3429">
    <p class='ocr_par' dir='ltr' id='par_1_7' title="bbox 202 3332 1136 3429">
     <span class='ocr_line' id='line_1_28' title="bbox 202 3332 1136 3429; baseline 0 -15"><span class='ocrx_word' id='word_1_207' title='bbox 202 3423 204 3428; x_wconf 40' lang='grc'>,</span> <span class='ocrx_word' id='word_1_208' title='bbox 257 3362 290 3417; x_wconf 88' lang='lat'>10</span> <span class='ocrx_word' id='word_1_209' title='bbox 307 3362 382 3417; x_wconf 45' lang='lat' dir='ltr'>nom,</span> <span class='ocrx_word' id='word_1_210' title='bbox 402 3363 428 3427; x_wconf 88' lang='lat'>8,</span> <span class='ocrx_word' id='word_1_211' title='bbox 446 3363 481 3417; x_wconf 81' lang='lat' dir='ltr'>aa</span> <span class='ocrx_word' id='word_1_212' title='bbox 536 3362 798 3429; x_wconf 71' lang='lat' dir='ltr'>15Ps³alm.33,19</span> <span class='ocrx_word' id='word_1_213' title='bbox 853 3332 1136 3428; x_wconf 75' lang='lat' dir='ltr'>17Psa1m.117,16</span> 
     </span>
    </p>
   </div>
   <div class='ocr_carea' id='block_1_6' title="bbox 168 3492 1298 4182">
    <p class='ocr_par' dir='ltr' id='par_1_8' title="bbox 168 3492 1297 3653">
     <span class='ocr_line' id='line_1_29' title="bbox 205 3492 1297 3564; baseline 0.001 -19"><span class='ocrx_word' id='word_1_214' title='bbox 205 3493 217 3545; x_wconf 95' lang='lat' dir='ltr'>l</span> <span class='ocrx_word' id='word_1_215' title='bbox 239 3494 363 3564; x_wconf 76' lang='lat' dir='ltr'>egyptios</span> <span class='ocrx_word' id='word_1_216' title='bbox 385 3494 421 3548; x_wconf 86' lang='lat' dir='ltr'>V:</span> <span class='ocrx_word' id='word_1_217' title='bbox 440 3495 579 3564; x_wconf 86' lang='lat' dir='ltr'>episeopos</span> <span class='ocrx_word' id='word_1_218' title='bbox 597 3494 661 3550; x_wconf 82' lang='lat' dir='ltr'>Sur.</span> <span class='ocrx_word' id='word_1_219' title='bbox 733 3499 903 3549; x_wconf 81' lang='lat' dir='ltr'>consecratur</span> <span class='ocrx_word' id='word_1_220' title='bbox 924 3492 956 3558; x_wconf 87' lang='lat' dir='ltr'>V,</span> <span class='ocrx_word' id='word_1_221' title='bbox 975 3509 1042 3548; x_wconf 81' lang='lat' dir='ltr'>corr.</span> <span class='ocrx_word' id='word_1_222' title='bbox 1061 3492 1088 3545; x_wconf 68' lang='grc' dir='ltr'>ο2</span> <span class='ocrx_word' id='word_1_223' title='bbox 1152 3493 1243 3548; x_wconf 68' lang='lat' dir='ltr'>falia</span> <span class='ocrx_word' id='word_1_224' title='bbox 1267 3495 1297 3558; x_wconf 91' lang='lat' dir='ltr'>V,</span> 
     </span>
     <span class='ocr_line' id='line_1_30' title="bbox 168 3580 995 3653; baseline 0.004 -20"><span class='ocrx_word' id='word_1_225' title='bbox 168 3595 236 3634; x_wconf 79' lang='lat' dir='ltr'>corr.</span> <span class='ocrx_word' id='word_1_226' title='bbox 257 3580 284 3652; x_wconf 83' lang='lat' dir='ltr'>p²</span> <span class='ocrx_word' id='word_1_227' title='bbox 354 3581 493 3636; x_wconf 88' lang='lat' dir='ltr'>deseretur</span> <span class='ocrx_word' id='word_1_228' title='bbox 511 3581 544 3653; x_wconf 63' lang='grc' dir='ltr'>ρ’,</span> <span class='ocrx_word' id='word_1_229' title='bbox 562 3583 662 3637; x_wconf 76' lang='lat' dir='ltr'>raetiae</span> <span class='ocrx_word' id='word_1_230' title='bbox 678 3584 704 3637; x_wconf 82' lang='lat' dir='ltr'>si</span> <span class='ocrx_word' id='word_1_231' title='bbox 720 3583 873 3652; x_wconf 75' lang='lat' dir='ltr'>rhythmum</span> <span class='ocrx_word' id='word_1_232' title='bbox 890 3588 995 3651; x_wconf 80' lang='lat' dir='ltr'>spectas</span> 
     </span>
    </p>

    <p class='ocr_par' dir='ltr' id='par_1_9' title="bbox 169 3669 1298 4182">
     <span class='ocr_line' id='line_1_31' title="bbox 204 3669 1296 3739; baseline -0.002 -14"><span class='ocrx_word' id='word_1_233' title='bbox 204 3670 253 3725; x_wconf 76' lang='lat'>58.</span> <span class='ocrx_word' id='word_1_234' title='bbox 289 3669 358 3723; x_wconf 83' lang='lat' dir='ltr'>Dat.</span> <span class='ocrx_word' id='word_1_235' title='bbox 376 3671 459 3724; x_wconf 61' lang='lat' dir='ltr'>amul</span> <span class='ocrx_word' id='word_1_236' title='bbox 476 3686 536 3724; x_wconf 74' lang='lat' dir='ltr'>mem</span> <span class='ocrx_word' id='word_1_237' title='bbox 553 3686 611 3739; x_wconf 82' lang='lat' dir='ltr'>epp.</span> <span class='ocrx_word' id='word_1_238' title='bbox 633 3673 670 3724; x_wconf 70' lang='lat'>54</span> <span class='ocrx_word' id='word_1_239' title='bbox 689 3676 713 3725; x_wconf 84' lang='lat' dir='ltr'>et</span> <span class='ocrx_word' id='word_1_240' title='bbox 734 3672 772 3725; x_wconf 80' lang='lat'>55</span> <span class='ocrx_word' id='word_1_241' title='bbox 790 3686 816 3725; x_wconf 85' lang='lat' dir='ltr'>a.</span> <span class='ocrx_word' id='word_1_242' title='bbox 838 3674 898 3724; x_wconf 80' lang='lat'>460</span> <span class='ocrx_word' id='word_1_243' title='bbox 916 3670 959 3724; x_wconf 78' lang='lat' dir='ltr'>dte</span> <span class='ocrx_word' id='word_1_244' title='bbox 977 3674 1012 3725; x_wconf 79' lang='lat'>18</span> <span class='ocrx_word' id='word_1_245' title='bbox 1028 3670 1099 3739; x_wconf 72' lang='lat' dir='ltr'>dap.</span> <span class='ocrx_word' id='word_1_246' title='bbox 1180 3670 1224 3724; x_wconf 82' lang='lat' dir='ltr'>De</span> <span class='ocrx_word' id='word_1_247' title='bbox 1240 3671 1296 3724; x_wconf 81' lang='lat' dir='ltr'>edi·</span> 
     </span>
     <span class='ocr_line' id='line_1_32' title="bbox 169 3756 1298 3829; baseline 0.001 -19"><span class='ocrx_word' id='word_1_248' title='bbox 169 3757 289 3812; x_wconf 74' lang='lat' dir='ltr'>tionibus</span> <span class='ocrx_word' id='word_1_249' title='bbox 305 3758 369 3812; x_wconf 78' lang='lat' dir='ltr'>uide</span> <span class='ocrx_word' id='word_1_250' title='bbox 386 3774 426 3827; x_wconf 83' lang='lat' dir='ltr'>ep.</span> <span class='ocrx_word' id='word_1_251' title='bbox 448 3762 488 3812; x_wconf 82' lang='lat'>51.</span> <span class='ocrx_word' id='word_1_252' title='bbox 597 3760 631 3813; x_wconf 85' lang='lat'>14</span> <span class='ocrx_word' id='word_1_253' title='bbox 647 3759 795 3829; x_wconf 87' lang='lat' dir='ltr'>patientiae</span> <span class='ocrx_word' id='word_1_254' title='bbox 814 3756 841 3829; x_wconf 69' lang='grc' dir='ltr'>ρ2</span> <span class='ocrx_word' id='word_1_255' title='bbox 858 3758 935 3814; x_wconf 58' lang='lat' dir='ltr'>Stare</span> <span class='ocrx_word' id='word_1_256' title='bbox 953 3758 1046 3829; x_wconf 85' lang='lat' dir='ltr'>patien</span> <span class='ocrx_word' id='word_1_257' title='bbox 1069 3759 1101 3822; x_wconf 88' lang='lat' dir='ltr'>V,</span> <span class='ocrx_word' id='word_1_258' title='bbox 1118 3760 1252 3827; x_wconf 89' lang='lat' dir='ltr'>patientia</span> <span class='ocrx_word' id='word_1_259' title='bbox 1270 3756 1298 3809; x_wconf 80' lang='lat'>0²</span> 
     </span>
     <span class='ocr_line' id='line_1_33' title="bbox 169 3843 1294 3918; baseline 0.001 -19"><span class='ocrx_word' id='word_1_260' title='bbox 169 3846 308 3901; x_wconf 89' lang='lat' dir='ltr'>humilitas</span> <span class='ocrx_word' id='word_1_261' title='bbox 327 3843 354 3898; x_wconf 71' lang='grc' dir='ltr'>ο2</span> <span class='ocrx_word' id='word_1_262' title='bbox 371 3846 435 3902; x_wconf 71' lang='lat' dir='ltr'>Sar.</span> <span class='ocrx_word' id='word_1_263' title='bbox 505 3847 638 3902; x_wconf 87' lang='lat' dir='ltr'>modestia</span> <span class='ocrx_word' id='word_1_264' title='bbox 656 3846 683 3918; x_wconf 81' lang='lat' dir='ltr'>p²</span> <span class='ocrx_word' id='word_1_265' title='bbox 700 3846 763 3903; x_wconf 75' lang='lat' dir='ltr'>Sur.</span> <span class='ocrx_word' id='word_1_266' title='bbox 834 3847 1034 3902; x_wconf 84' lang='lat' dir='ltr'>tollerantiaV</span> <span class='ocrx_word' id='word_1_267' title='bbox 1090 3847 1121 3901; x_wconf 91' lang='lat'>18</span> <span class='ocrx_word' id='word_1_268' title='bbox 1139 3847 1235 3901; x_wconf 87' lang='lat' dir='ltr'>throno</span> <span class='ocrx_word' id='word_1_269' title='bbox 1255 3844 1294 3916; x_wconf 74' lang='lat'>9²:</span> 
     </span>
     <span class='ocr_line' id='line_1_34' title="bbox 169 3918 1295 4005; baseline 0.002 -18"><span class='ocrx_word' id='word_1_270' title='bbox 169 3938 277 3989; x_wconf 80' lang='lat' dir='ltr'>tronum</span> <span class='ocrx_word' id='word_1_271' title='bbox 292 3934 318 3988; x_wconf 79' lang='lat' dir='ltr'>r</span> <span class='ocrx_word' id='word_1_272' title='bbox 367 3934 761 4005; x_wconf 52' lang='lat' dir='ltr'>sumptuosissimam</span> <span class='ocrx_word' id='word_1_273' title='bbox 829 3953 858 3990; x_wconf 72' lang='lat' dir='ltr'>ss</span> <span class='ocrx_word' id='word_1_274' title='bbox 872 3934 909 3991; x_wconf 53' lang='grc' dir='ltr'>οη</span> <span class='ocrx_word' id='word_1_275' title='bbox 925 3936 972 3990; x_wconf 67' lang='lat' dir='ltr'>aaa</span> <span class='ocrx_word' id='word_1_276' title='bbox 986 3935 1014 3989; x_wconf 79' lang='lat' dir='ltr'>r</span> <span class='ocrx_word' id='word_1_277' title='bbox 1062 3918 1295 4004; x_wconf 53' lang='lat' dir='ltr'>mensuratur,</span> 
     </span>
     <span class='ocr_line' id='line_1_35' title="bbox 170 4022 1293 4094; baseline 0.002 -18"><span class='ocrx_word' id='word_1_278' title='bbox 170 4038 238 4076; x_wconf 81' lang='lat' dir='ltr'>sorr.</span> <span class='ocrx_word' id='word_1_279' title='bbox 258 4022 285 4073; x_wconf 83' lang='lat'>0²</span> <span class='ocrx_word' id='word_1_280' title='bbox 349 4025 384 4078; x_wconf 80' lang='lat'>22</span> <span class='ocrx_word' id='word_1_281' title='bbox 410 4024 541 4078; x_wconf 85' lang='lat' dir='ltr'>instinctu</span> <span class='ocrx_word' id='word_1_282' title='bbox 564 4024 595 4088; x_wconf 89' lang='lat' dir='ltr'>V,</span> <span class='ocrx_word' id='word_1_283' title='bbox 615 4039 681 4079; x_wconf 79' lang='lat' dir='ltr'>corr.</span> <span class='ocrx_word' id='word_1_284' title='bbox 701 4022 728 4075; x_wconf 88' lang='lat' dir='ltr'>o²</span> <span class='ocrx_word' id='word_1_285' title='bbox 797 4024 861 4078; x_wconf 84' lang='lat' dir='ltr'>fidei</span> <span class='ocrx_word' id='word_1_286' title='bbox 884 4023 921 4078; x_wconf 88' lang='lat' dir='ltr'>V:</span> <span class='ocrx_word' id='word_1_287' title='bbox 941 4024 984 4078; x_wconf 93' lang='lat' dir='ltr'>dei</span> <span class='ocrx_word' id='word_1_288' title='bbox 1003 4022 1030 4094; x_wconf 69' lang='grc' dir='ltr'>ρ2</span> <span class='ocrx_word' id='word_1_289' title='bbox 1100 4024 1293 4078; x_wconf 82' lang='lat' dir='ltr'>fraternitatem</span> 
     </span>
     <span class='ocr_line' id='line_1_36' title="bbox 169 4109 1296 4182; baseline 0.003 -20"><span class='ocrx_word' id='word_1_290' title='bbox 169 4113 244 4163; x_wconf 90' lang='lat' dir='ltr'>tuam</span> <span class='ocrx_word' id='word_1_291' title='bbox 263 4109 289 4162; x_wconf 82' lang='lat'>0²</span> <span class='ocrx_word' id='word_1_292' title='bbox 351 4112 386 4165; x_wconf 81' lang='lat'>24</span> <span class='ocrx_word' id='word_1_293' title='bbox 403 4114 436 4164; x_wconf 89' lang='lat' dir='ltr'>ut</span> <span class='ocrx_word' id='word_1_294' title='bbox 451 4111 526 4182; x_wconf 81' lang='lat' dir='ltr'>,qV</span> <span class='ocrx_word' id='word_1_295' title='bbox 578 4112 612 4166; x_wconf 81' lang='lat'>26</span> <span class='ocrx_word' id='word_1_296' title='bbox 630 4111 776 4166; x_wconf 76' lang='lat' dir='ltr'>famulate</span> <span class='ocrx_word' id='word_1_297' title='bbox 800 4111 831 4177; x_wconf 75' lang='lat' dir='ltr'>V,</span> <span class='ocrx_word' id='word_1_298' title='bbox 850 4127 917 4167; x_wconf 82' lang='lat' dir='ltr'>corr.</span> <span class='ocrx_word' id='word_1_299' title='bbox 937 4110 964 4164; x_wconf 88' lang='lat' dir='ltr'>o²</span> <span class='ocrx_word' id='word_1_300' title='bbox 1035 4112 1080 4180; x_wconf 89' lang='lat' dir='ltr'>qui</span> <span class='ocrx_word' id='word_1_301' title='bbox 1099 4109 1137 4166; x_wconf 82' lang='lat'>0²:</span> <span class='ocrx_word' id='word_1_302' title='bbox 1158 4114 1204 4182; x_wconf 89' lang='lat' dir='ltr'>qui</span> <span class='ocrx_word' id='word_1_303' title='bbox 1221 4109 1296 4167; x_wconf 84' lang='lat' dir='ltr'>inV</span> 
     </span>
    </p>
   </div>
   <div class='ocr_carea' id='block_1_7' title="bbox 0 0 1461 4672">
    <p class='ocr_par' dir='ltr' id='par_1_10' title="bbox 0 0 1461 4672">
     <span class='ocr_line' id='line_1_37' title="bbox 0 0 1461 4672; baseline 0 0"><span class='ocrx_word' id='word_1_304' title='bbox 0 0 1461 4672; x_wconf 95' lang='lat' dir='ltr'> </span> 
     </span>
    </p>
   </div>
  </div>
 </body>
</html>
