<?xml version="1.0" encoding="UTF-8"?>
<!DOCTYPE html PUBLIC "-//W3C//DTD XHTML 1.0 Transitional//EN"
    "http://www.w3.org/TR/xhtml1/DTD/xhtml1-transitional.dtd">
<html xmlns="http://www.w3.org/1999/xhtml" xml:lang="en" lang="en">
 <head>
  <title>
</title>
<meta http-equiv="Content-Type" content="text/html;charset=utf-8" />
  <meta name='ocr-system' content='tesseract 3.04.00' />
  <meta name='ocr-capabilities' content='ocr_page ocr_carea ocr_par ocr_line ocrx_word'/>
</head>
<body>
  <div class='ocr_page' id='page_1' title='image "./epistulaeimpera01gngoog_0095.png"; bbox 0 0 2904 4672; ppageno 0'>
   <div class='ocr_carea' id='block_1_1' title="bbox 125 257 826 327">
    <p class='ocr_par' dir='ltr' id='par_1_1' title="bbox 125 257 826 327">
     <span class='ocr_line' id='line_1_1' title="bbox 125 257 826 327; baseline -0.013 -7"><span class='ocrx_word' id='word_1_1' title='bbox 125 258 303 325; x_wconf 83' lang='lat' dir='ltr'>LXXXIIII</span> <span class='ocrx_word' id='word_1_2' title='bbox 537 257 826 327; x_wconf 80' lang='lat' dir='ltr'>Prolsgomena.</span> 
     </span>
    </p>
   </div>
   <div class='ocr_carea' id='block_1_2' title="bbox 123 450 1249 1274">
    <p class='ocr_par' dir='ltr' id='par_1_2' title="bbox 123 450 1249 1274">
     <span class='ocr_line' id='line_1_2' title="bbox 127 450 1248 536; baseline -0.001 -19"><span class='ocrx_word' id='word_1_3' title='bbox 127 452 180 534; x_wconf 85' lang='lat' dir='ltr'>qui</span> <span class='ocrx_word' id='word_1_4' title='bbox 203 452 354 536; x_wconf 80' lang='lat' dir='ltr'>epistulas</span> <span class='ocrx_word' id='word_1_5' title='bbox 371 451 443 515; x_wconf 90' lang='lat' dir='ltr'>illas</span> <span class='ocrx_word' id='word_1_6' title='bbox 462 450 604 534; x_wconf 82' lang='lat' dir='ltr'>Dionysii</span> <span class='ocrx_word' id='word_1_7' title='bbox 623 451 824 517; x_wconf 81' lang='lat' dir='ltr'>decretalium</span> <span class='ocrx_word' id='word_1_8' title='bbox 844 452 1020 517; x_wconf 79' lang='lat' dir='ltr'>collectioni</span> <span class='ocrx_word' id='word_1_9' title='bbox 1038 451 1167 530; x_wconf 80' lang='lat' dir='ltr'>addidit,</span> <span class='ocrx_word' id='word_1_10' title='bbox 1185 472 1248 517; x_wconf 92' lang='lat' dir='ltr'>non</span> 
     </span>
     <span class='ocr_line' id='line_1_3' title="bbox 125 556 1247 641; baseline -0.002 -18"><span class='ocrx_word' id='word_1_11' title='bbox 125 557 203 641; x_wconf 89' lang='lat' dir='ltr'>ipsis</span> <span class='ocrx_word' id='word_1_12' title='bbox 232 557 315 622; x_wconf 92' lang='lat' dir='ltr'>sedis</span> <span class='ocrx_word' id='word_1_13' title='bbox 343 557 531 640; x_wconf 87' lang='lat' dir='ltr'>apostolicae</span> <span class='ocrx_word' id='word_1_14' title='bbox 558 556 699 640; x_wconf 84' lang='lat' dir='ltr'>registris</span> <span class='ocrx_word' id='word_1_15' title='bbox 727 557 783 623; x_wconf 91' lang='lat' dir='ltr'>sed</span> <span class='ocrx_word' id='word_1_16' title='bbox 810 558 975 640; x_wconf 87' lang='lat' dir='ltr'>exemplari</span> <span class='ocrx_word' id='word_1_17' title='bbox 997 558 1130 640; x_wconf 89' lang='lat' dir='ltr'>quodam</span> <span class='ocrx_word' id='word_1_18' title='bbox 1153 578 1247 624; x_wconf 91' lang='lat' dir='ltr'>usum</span> 
     </span>
     <span class='ocr_line' id='line_1_4' title="bbox 126 662 1249 746; baseline -0.001 -17"><span class='ocrx_word' id='word_1_19' title='bbox 126 683 195 730; x_wconf 94' lang='lat' dir='ltr'>esse</span> <span class='ocrx_word' id='word_1_20' title='bbox 222 662 391 727; x_wconf 76' lang='lat' dir='ltr'>duellanae</span> <span class='ocrx_word' id='word_1_21' title='bbox 418 662 481 727; x_wconf 91' lang='lat' dir='ltr'>iam</span> <span class='ocrx_word' id='word_1_22' title='bbox 512 662 577 726; x_wconf 92' lang='lat' dir='ltr'>illis</span> <span class='ocrx_word' id='word_1_23' title='bbox 605 663 788 746; x_wconf 75' lang='lat' dir='ltr'>corruptelis</span> <span class='ocrx_word' id='word_1_24' title='bbox 817 663 948 730; x_wconf 87' lang='lat' dir='ltr'>adfecto.</span> <span class='ocrx_word' id='word_1_25' title='bbox 981 663 1066 745; x_wconf 91' lang='lat' dir='ltr'>quod</span> <span class='ocrx_word' id='word_1_26' title='bbox 1093 664 1249 746; x_wconf 88' lang='lat' dir='ltr'>exemplar</span> 
     </span>
     <span class='ocr_line' id='line_1_5' title="bbox 126 767 1248 852; baseline 0 -18"><span class='ocrx_word' id='word_1_27' title='bbox 126 769 233 835; x_wconf 90' lang='lat' dir='ltr'>codice</span> <span class='ocrx_word' id='word_1_28' title='bbox 259 772 365 834; x_wconf 90' lang='lat' dir='ltr'>nostro</span> <span class='ocrx_word' id='word_1_29' title='bbox 389 768 417 831; x_wconf 90' lang='lat' dir='ltr'><strong>V</strong></span> <span class='ocrx_word' id='word_1_30' title='bbox 440 768 598 849; x_wconf 88' lang='lat' dir='ltr'>aliquanto</span> <span class='ocrx_word' id='word_1_31' title='bbox 625 768 726 833; x_wconf 87' lang='lat' dir='ltr'>fnisse</span> <span class='ocrx_word' id='word_1_32' title='bbox 753 767 946 833; x_wconf 82' lang='lat' dir='ltr'>emendatius</span> <span class='ocrx_word' id='word_1_33' title='bbox 973 771 1029 833; x_wconf 84' lang='lat' dir='ltr'>tuo</span> <span class='ocrx_word' id='word_1_34' title='bbox 1051 768 1118 834; x_wconf 89' lang='lat' dir='ltr'>iure</span> <span class='ocrx_word' id='word_1_35' title='bbox 1140 788 1248 852; x_wconf 84' lang='lat' dir='ltr'>expec-</span> 
     </span>
     <span class='ocr_line' id='line_1_6' title="bbox 125 872 1248 957; baseline 0 -19"><span class='ocrx_word' id='word_1_36' title='bbox 125 874 243 939; x_wconf 89' lang='lat' dir='ltr'>taueris</span> <span class='ocrx_word' id='word_1_37' title='bbox 275 874 555 957; x_wconf 77' lang='lat' dir='ltr'>comprobatorque</span> <span class='ocrx_word' id='word_1_38' title='bbox 587 873 631 938; x_wconf 87' lang='lat' dir='ltr'>eis</span> <span class='ocrx_word' id='word_1_39' title='bbox 663 873 747 938; x_wconf 91' lang='lat' dir='ltr'>hand</span> <span class='ocrx_word' id='word_1_40' title='bbox 776 874 885 957; x_wconf 91' lang='lat' dir='ltr'>paucis</span> <span class='ocrx_word' id='word_1_41' title='bbox 916 872 1005 950; x_wconf 82' lang='lat' dir='ltr'>locis,</span> <span class='ocrx_word' id='word_1_42' title='bbox 1034 875 1146 957; x_wconf 90' lang='lat' dir='ltr'>quibus</span> <span class='ocrx_word' id='word_1_43' title='bbox 1173 894 1248 939; x_wconf 89' lang='lat' dir='ltr'>uera</span> 
     </span>
     <span class='ocr_line' id='line_1_7' title="bbox 124 978 1248 1063; baseline 0.002 -20"><span class='ocrx_word' id='word_1_44' title='bbox 124 979 219 1045; x_wconf 89' lang='lat' dir='ltr'>lectio</span> <span class='ocrx_word' id='word_1_45' title='bbox 247 979 284 1044; x_wconf 91' lang='lat' dir='ltr'>ab</span> <span class='ocrx_word' id='word_1_46' title='bbox 312 980 452 1063; x_wconf 86' lang='lat' dir='ltr'>Hispana</span> <span class='ocrx_word' id='word_1_47' title='bbox 479 983 604 1044; x_wconf 88' lang='lat' dir='ltr'>seruata</span> <span class='ocrx_word' id='word_1_48' title='bbox 631 979 725 1044; x_wconf 90' lang='lat' dir='ltr'>etiam</span> <span class='ocrx_word' id='word_1_49' title='bbox 746 978 778 1043; x_wconf 90' lang='lat' dir='ltr'>in</span> <span class='ocrx_word' id='word_1_50' title='bbox 801 978 959 1044; x_wconf 88' lang='lat' dir='ltr'>Hadriana</span> <span class='ocrx_word' id='word_1_51' title='bbox 984 979 1151 1056; x_wconf 82' lang='lat' dir='ltr'>inuenitur,</span> <span class='ocrx_word' id='word_1_52' title='bbox 1175 999 1248 1045; x_wconf 88' lang='lat' dir='ltr'>curn</span> 
     </span>
     <span class='ocr_line' id='line_1_8' title="bbox 126 1084 1248 1168; baseline 0.004 -22"><span class='ocrx_word' id='word_1_53' title='bbox 126 1084 154 1146; x_wconf 89' lang='lat' dir='ltr'><strong>V</strong></span> <span class='ocrx_word' id='word_1_54' title='bbox 177 1088 232 1150; x_wconf 92' lang='lat' dir='ltr'>aut</span> <span class='ocrx_word' id='word_1_55' title='bbox 252 1087 374 1151; x_wconf 86' lang='lat' dir='ltr'>lacunis</span> <span class='ocrx_word' id='word_1_56' title='bbox 397 1089 452 1150; x_wconf 88' lang='lat' dir='ltr'>aut</span> <span class='ocrx_word' id='word_1_57' title='bbox 474 1084 544 1149; x_wconf 89' lang='lat' dir='ltr'>aliis</span> <span class='ocrx_word' id='word_1_58' title='bbox 568 1085 755 1168; x_wconf 85' lang='lat' dir='ltr'>corruptelis.</span> <span class='ocrx_word' id='word_1_59' title='bbox 772 1085 958 1167; x_wconf 87' lang='lat' dir='ltr'>deprauatus</span> <span class='ocrx_word' id='word_1_60' title='bbox 977 1085 1028 1152; x_wconf 89' lang='lat' dir='ltr'>sit.</span> <span class='ocrx_word' id='word_1_61' title='bbox 1051 1085 1157 1167; x_wconf 88' lang='lat' dir='ltr'>itaqua</span> <span class='ocrx_word' id='word_1_62' title='bbox 1176 1104 1248 1151; x_wconf 90' lang='lat' dir='ltr'>cum</span> 
     </span>
     <span class='ocr_line' id='line_1_9' title="bbox 123 1189 1249 1274; baseline 0.001 -19"><span class='ocrx_word' id='word_1_63' title='bbox 123 1189 157 1254; x_wconf 93' lang='lat' dir='ltr'>in</span> <span class='ocrx_word' id='word_1_64' title='bbox 179 1192 367 1256; x_wconf 87' lang='lat' dir='ltr'>recensenda</span> <span class='ocrx_word' id='word_1_65' title='bbox 389 1211 437 1274; x_wconf 85' lang='lat' dir='ltr'>ep.</span> <span class='ocrx_word' id='word_1_66' title='bbox 462 1193 525 1256; x_wconf 81' lang='lat'>236</span> <span class='ocrx_word' id='word_1_67' title='bbox 548 1191 608 1255; x_wconf 92' lang='lat' dir='ltr'>hoc</span> <span class='ocrx_word' id='word_1_68' title='bbox 630 1191 725 1256; x_wconf 90' lang='lat' dir='ltr'>trium</span> <span class='ocrx_word' id='word_1_69' title='bbox 749 1191 969 1257; x_wconf 87' lang='lat' dir='ltr'>collectionum</span> <span class='ocrx_word' id='word_1_70' title='bbox 993 1194 1128 1256; x_wconf 83' lang='lat' dir='ltr'>stemma</span> <span class='ocrx_word' id='word_1_71' title='bbox 1150 1195 1249 1257; x_wconf 90' lang='lat' dir='ltr'>statu-</span> 
     </span>
    </p>
   </div>
   <div class='ocr_carea' id='block_1_3' title="bbox 125 1296 715 1540">
    <p class='ocr_par' dir='ltr' id='par_1_3' title="bbox 125 1296 715 1540">
     <span class='ocr_line' id='line_1_10' title="bbox 125 1296 715 1540; baseline 0.003 -180"><span class='ocrx_word' id='word_1_72' title='bbox 125 1296 241 1361; x_wconf 89' lang='lat' dir='ltr'>endum</span> <span class='ocrx_word' id='word_1_73' title='bbox 264 1298 308 1363; x_wconf 93' lang='lat' dir='ltr'>sit</span> <span class='ocrx_word' id='word_1_74' title='bbox 613 1391 715 1540; x_wconf 30' lang='lat' dir='ltr'>N</span> 
     </span>
    </p>
   </div>
   <div class='ocr_carea' id='block_1_4' title="bbox 677 1560 807 1615">
    <p class='ocr_par' dir='ltr' id='par_1_4' title="bbox 677 1560 807 1615">
     <span class='ocr_line' id='line_1_11' title="bbox 677 1560 807 1615; baseline -0.015 0"><span class='ocrx_word' id='word_1_75' title='bbox 677 1560 807 1615; x_wconf 77' lang='lat' dir='ltr'>Auellana</span> 
     </span>
    </p>
   </div>
   <div class='ocr_carea' id='block_1_5' title="bbox 960 2195 984 2248">
    <p class='ocr_par' dir='ltr' id='par_1_5' title="bbox 960 2195 984 2248">
     <span class='ocr_line' id='line_1_12' title="bbox 960 2195 984 2248; baseline 0 0"><span class='ocrx_word' id='word_1_76' title='bbox 960 2195 984 2248; x_wconf 86' lang='lat' dir='ltr'>V</span> 
     </span>
    </p>
   </div>
   <div class='ocr_carea' id='block_1_6' title="bbox 130 2317 330 2329">
    <p class='ocr_par' dir='ltr' id='par_1_6' title="bbox 130 2317 330 2329">
     <span class='ocr_line' id='line_1_13' title="bbox 130 2317 330 2329; baseline 0.015 -4"><span class='ocrx_word' id='word_1_77' title='bbox 130 2317 330 2329; x_wconf 62' lang='grc'>...-</span> 
     </span>
    </p>
   </div>
   <div class='ocr_carea' id='block_1_7' title="bbox 56 2383 1247 4219">
    <p class='ocr_par' dir='ltr' id='par_1_7' title="bbox 122 2383 1247 2898">
     <span class='ocr_line' id='line_1_14' title="bbox 124 2383 1246 2458; baseline 0 -21"><span class='ocrx_word' id='word_1_78' title='bbox 124 2383 182 2449; x_wconf 69' lang='lat' dir='ltr'>tria,</span> <span class='ocrx_word' id='word_1_79' title='bbox 194 2390 232 2438; x_wconf 64' lang='lat' dir='ltr'>,act</span> <span class='ocrx_word' id='word_1_80' title='bbox 246 2392 386 2454; x_wconf 80' lang='lat' dir='ltr'>peneroret</span> <span class='ocrx_word' id='word_1_81' title='bbox 403 2387 499 2455; x_wconf 75' lang='lat' dir='ltr'>filium,</span> <span class='ocrx_word' id='word_1_82' title='bbox 513 2390 657 2458; x_wconf 74' lang='lat' dir='ltr'>proprisam</span> <span class='ocrx_word' id='word_1_83' title='bbox 710 2395 742 2442; x_wconf 78' lang='lat' dir='ltr'>sat</span> <span class='ocrx_word' id='word_1_84' title='bbox 756 2393 894 2458; x_wconf 80' lang='lat' dir='ltr'>penercret</span> <span class='ocrx_word' id='word_1_85' title='bbox 916 2386 1013 2452; x_wconf 76' lang='lat' dir='ltr'>filium,</span> <span class='ocrx_word' id='word_1_86' title='bbox 1031 2385 1174 2455; x_wconf 80' lang='lat' dir='ltr'>proprium</span> <span class='ocrx_word' id='word_1_87' title='bbox 1192 2385 1246 2451; x_wconf 77' lang='lat' dir='ltr'>pilii</span> 
     </span>
     <span class='ocr_line' id='line_1_15' title="bbox 122 2471 1247 2545; baseline 0.001 -21"><span class='ocrx_word' id='word_1_88' title='bbox 122 2472 177 2539; x_wconf 72' lang='lat' dir='ltr'>fitis</span> <span class='ocrx_word' id='word_1_89' title='bbox 198 2471 250 2539; x_wconf 81' lang='lat' dir='ltr'>dei,</span> <span class='ocrx_word' id='word_1_90' title='bbox 266 2479 298 2526; x_wconf 81' lang='lat' dir='ltr'>sat</span> <span class='ocrx_word' id='word_1_91' title='bbox 315 2490 348 2528; x_wconf 80' lang='lat' dir='ltr'>ea</span> <span class='ocrx_word' id='word_1_92' title='bbox 365 2481 448 2543; x_wconf 82' lang='lat' dir='ltr'>patre</span> <span class='ocrx_word' id='word_1_93' title='bbox 465 2477 545 2545; x_wconf 79' lang='lat' dir='ltr'>patri</span> <span class='ocrx_word' id='word_1_94' title='bbox 565 2493 658 2532; x_wconf 81' lang='lat' dir='ltr'>ausce-</span> <span class='ocrx_word' id='word_1_95' title='bbox 712 2477 764 2543; x_wconf 75' lang='lat' dir='ltr'>det,</span> <span class='ocrx_word' id='word_1_96' title='bbox 780 2482 812 2530; x_wconf 80' lang='lat' dir='ltr'>sat</span> <span class='ocrx_word' id='word_1_97' title='bbox 835 2492 868 2530; x_wconf 80' lang='lat' dir='ltr'>ec</span> <span class='ocrx_word' id='word_1_98' title='bbox 886 2480 969 2543; x_wconf 85' lang='lat' dir='ltr'>patre</span> <span class='ocrx_word' id='word_1_99' title='bbox 989 2474 1070 2543; x_wconf 79' lang='lat' dir='ltr'>putri</span> <span class='ocrx_word' id='word_1_100' title='bbox 1091 2477 1247 2527; x_wconf 64' lang='lat' dir='ltr'>assonetur</span> 
     </span>
     <span class='ocr_line' id='line_1_16' title="bbox 122 2561 1247 2638; baseline 0.001 -26"><span class='ocrx_word' id='word_1_101' title='bbox 122 2561 539 2638; x_wconf 34' lang='lat' dir='ltr'>returoepsscls‘approprium</span> <span class='ocrx_word' id='word_1_102' title='bbox 560 2566 658 2634; x_wconf 82' lang='lat' dir='ltr'>spiri·</span> <span class='ocrx_word' id='word_1_103' title='bbox 713 2565 848 2633; x_wconf 80' lang='lat' dir='ltr'>aequalis,</span> <span class='ocrx_word' id='word_1_104' title='bbox 878 2570 989 2617; x_wconf 77' lang='lat' dir='ltr'>uotum</span> <span class='ocrx_word' id='word_1_105' title='bbox 1025 2563 1136 2627; x_wconf 83' lang='lat' dir='ltr'>etium,</span> <span class='ocrx_word' id='word_1_106' title='bbox 1167 2561 1247 2630; x_wconf 82' lang='lat' dir='ltr'>quid</span> 
     </span>
     <span class='ocr_line' id='line_1_17' title="bbox 123 2649 1245 2722; baseline 0.002 -22"><span class='ocrx_word' id='word_1_107' title='bbox 123 2652 176 2701; x_wconf 81' lang='lat' dir='ltr'>tua</span> <span class='ocrx_word' id='word_1_108' title='bbox 197 2651 318 2715; x_wconf 81' lang='lat' dir='ltr'>soracti,</span> <span class='ocrx_word' id='word_1_109' title='bbox 342 2655 378 2704; x_wconf 81' lang='lat' dir='ltr'>ut</span> <span class='ocrx_word' id='word_1_110' title='bbox 400 2651 436 2704; x_wconf 86' lang='lat' dir='ltr'>de</span> <span class='ocrx_word' id='word_1_111' title='bbox 454 2658 554 2720; x_wconf 86' lang='lat' dir='ltr'>patre</span> <span class='ocrx_word' id='word_1_112' title='bbox 571 2659 600 2707; x_wconf 87' lang='lat' dir='ltr'>et</span> <span class='ocrx_word' id='word_1_113' title='bbox 617 2655 658 2721; x_wconf 77' lang='lat' dir='ltr'>si·</span> <span class='ocrx_word' id='word_1_114' title='bbox 711 2655 755 2708; x_wconf 80' lang='lat' dir='ltr'>sit</span> <span class='ocrx_word' id='word_1_115' title='bbox 772 2652 946 2722; x_wconf 83' lang='lat' dir='ltr'>proprium</span> <span class='ocrx_word' id='word_1_116' title='bbox 963 2651 1107 2721; x_wconf 81' lang='lat' dir='ltr'>spiritus</span> <span class='ocrx_word' id='word_1_117' title='bbox 1123 2649 1245 2703; x_wconf 77' lang='lat' dir='ltr'>suncti.</span> 
     </span>
     <span class='ocr_line' id='line_1_18' title="bbox 123 2735 1174 2810; baseline 0.002 -22"><span class='ocrx_word' id='word_1_118' title='bbox 123 2735 171 2789; x_wconf 80' lang='lat' dir='ltr'>lio</span> <span class='ocrx_word' id='word_1_119' title='bbox 193 2737 387 2805; x_wconf 80' lang='lat' dir='ltr'>procederet</span> <span class='ocrx_word' id='word_1_120' title='bbox 413 2739 471 2794; x_wconf 86' lang='lat' dir='ltr'>sub</span> <span class='ocrx_word' id='word_1_121' title='bbox 497 2757 565 2794; x_wconf 81' lang='lat' dir='ltr'>ussa</span> <span class='ocrx_word' id='word_1_122' title='bbox 587 2742 658 2795; x_wconf 86' lang='lat' dir='ltr'>sub·</span> <span class='ocrx_word' id='word_1_123' title='bbox 710 2742 851 2810; x_wconf 80' lang='lat' dir='ltr'>proprium</span> <span class='ocrx_word' id='word_1_124' title='bbox 869 2745 975 2795; x_wconf 82' lang='lat' dir='ltr'>cutem</span> <span class='ocrx_word' id='word_1_125' title='bbox 991 2739 1046 2807; x_wconf 74' lang='lat' dir='ltr'>filii</span> <span class='ocrx_word' id='word_1_126' title='bbox 1064 2735 1107 2792; x_wconf 78' lang='lat' dir='ltr'>dei</span> <span class='ocrx_word' id='word_1_127' title='bbox 1124 2740 1174 2791; x_wconf 90' lang='lat' dir='ltr'>etc.</span> 
     </span>
     <span class='ocr_line' id='line_1_19' title="bbox 122 2824 658 2898; baseline 0.013 -22"><span class='ocrx_word' id='word_1_128' title='bbox 122 2824 254 2878; x_wconf 78' lang='lat' dir='ltr'>stantia</span> <span class='ocrx_word' id='word_1_129' title='bbox 268 2825 417 2881; x_wconf 81' lang='lat' dir='ltr'>deitatis.</span> <span class='ocrx_word' id='word_1_130' title='bbox 426 2830 571 2896; x_wconf 80' lang='lat' dir='ltr'>proprium</span> <span class='ocrx_word' id='word_1_131' title='bbox 583 2845 658 2898; x_wconf 83' lang='lat' dir='ltr'>quo-</span> 
     </span>
    </p>

    <p class='ocr_par' dir='ltr' id='par_1_8' title="bbox 122 2912 379 2981">
     <span class='ocr_line' id='line_1_20' title="bbox 122 2912 379 2981; baseline 0.016 -17"><span class='ocrx_word' id='word_1_132' title='bbox 122 2927 182 2981; x_wconf 77' lang='lat' dir='ltr'>que</span> <span class='ocrx_word' id='word_1_133' title='bbox 198 2912 253 2979; x_wconf 74' lang='lat' dir='ltr'>fitia·</span> <span class='ocrx_word' id='word_1_134' title='bbox 269 2912 313 2967; x_wconf 80' lang='lat' dir='ltr'>dei</span> <span class='ocrx_word' id='word_1_135' title='bbox 330 2919 379 2968; x_wconf 86' lang='lat' dir='ltr'>etc.</span> 
     </span>
    </p>

    <p class='ocr_par' dir='ltr' id='par_1_9' title="bbox 56 2999 1245 4219">
     <span class='ocr_line' id='line_1_21' title="bbox 123 2999 1244 3076; baseline 0.002 -23"><span class='ocrx_word' id='word_1_136' title='bbox 123 2999 170 3054; x_wconf 90' lang='lat' dir='ltr'>nbi</span> <span class='ocrx_word' id='word_1_137' title='bbox 189 3001 253 3070; x_wconf 85' lang='lat' dir='ltr'>quia</span> <span class='ocrx_word' id='word_1_138' title='bbox 270 3003 414 3072; x_wconf 79' lang='lat' dir='ltr'>genuinam</span> <span class='ocrx_word' id='word_1_139' title='bbox 431 3003 573 3059; x_wconf 85' lang='lat' dir='ltr'>lectionem</span> <span class='ocrx_word' id='word_1_140' title='bbox 592 3007 738 3060; x_wconf 84' lang='lat' dir='ltr'>seruauerit</span> <span class='ocrx_word' id='word_1_141' title='bbox 751 3005 877 3076; x_wconf 79' lang='lat' dir='ltr'>Hispana</span> <span class='ocrx_word' id='word_1_142' title='bbox 893 3004 1000 3069; x_wconf 77' lang='lat' dir='ltr'>dubium</span> <span class='ocrx_word' id='word_1_143' title='bbox 1020 3019 1073 3056; x_wconf 90' lang='lat' dir='ltr'>non</span> <span class='ocrx_word' id='word_1_144' title='bbox 1093 3004 1244 3071; x_wconf 68' lang='lat' dir='ltr'>estusque</span> 
     </span>
     <span class='ocr_line' id='line_1_22' title="bbox 56 3088 1245 3163; baseline 0.001 -21"><span class='ocrx_word' id='word_1_145' title='bbox 56 3088 59 3092; x_wconf 83' lang='grc'><strong>’</strong></span> <span class='ocrx_word' id='word_1_146' title='bbox 124 3090 193 3144; x_wconf 86' lang='lat' dir='ltr'>enim</span> <span class='ocrx_word' id='word_1_147' title='bbox 217 3089 289 3149; x_wconf 84' lang='lat' dir='ltr'>credi</span> <span class='ocrx_word' id='word_1_148' title='bbox 311 3094 402 3161; x_wconf 84' lang='lat' dir='ltr'>potest</span> <span class='ocrx_word' id='word_1_149' title='bbox 423 3093 600 3157; x_wconf 84' lang='lat' dir='ltr'>Hormisdam,</span> <span class='ocrx_word' id='word_1_150' title='bbox 624 3111 684 3148; x_wconf 92' lang='lat' dir='ltr'>cnm</span> <span class='ocrx_word' id='word_1_151' title='bbox 707 3094 826 3163; x_wconf 89' lang='lat' dir='ltr'>proprias</span> <span class='ocrx_word' id='word_1_152' title='bbox 845 3092 955 3146; x_wconf 89' lang='lat' dir='ltr'>duarum</span> <span class='ocrx_word' id='word_1_153' title='bbox 972 3091 1102 3145; x_wconf 83' lang='lat' dir='ltr'>trinitatis</span> <span class='ocrx_word' id='word_1_154' title='bbox 1120 3105 1245 3159; x_wconf 88' lang='lat' dir='ltr'>persona·</span> 
     </span>
     <span class='ocr_line' id='line_1_23' title="bbox 122 3178 1245 3254; baseline 0 -24"><span class='ocrx_word' id='word_1_155' title='bbox 122 3192 180 3230; x_wconf 89' lang='lat' dir='ltr'>rum</span> <span class='ocrx_word' id='word_1_156' title='bbox 199 3179 343 3247; x_wconf 87' lang='lat' dir='ltr'>qualitates</span> <span class='ocrx_word' id='word_1_157' title='bbox 367 3179 482 3236; x_wconf 82' lang='lat' dir='ltr'>dilucide</span> <span class='ocrx_word' id='word_1_158' title='bbox 505 3198 535 3236; x_wconf 90' lang='lat' dir='ltr'>ac</span> <span class='ocrx_word' id='word_1_159' title='bbox 557 3182 695 3254; x_wconf 88' lang='lat' dir='ltr'>perspicue</span> <span class='ocrx_word' id='word_1_160' title='bbox 719 3184 905 3241; x_wconf 84' lang='lat' dir='ltr'>enumerasset.</span> <span class='ocrx_word' id='word_1_161' title='bbox 926 3179 958 3233; x_wconf 91' lang='lat' dir='ltr'>de</span> <span class='ocrx_word' id='word_1_162' title='bbox 976 3180 1057 3233; x_wconf 81' lang='lat' dir='ltr'>tertia</span> <span class='ocrx_word' id='word_1_163' title='bbox 1075 3193 1189 3248; x_wconf 86' lang='lat' dir='ltr'>persona</span> <span class='ocrx_word' id='word_1_164' title='bbox 1206 3178 1245 3230; x_wconf 86' lang='lat' dir='ltr'>ita</span> 
     </span>
     <span class='ocr_line' id='line_1_24' title="bbox 123 3265 1244 3338; baseline 0.003 -21"><span class='ocrx_word' id='word_1_165' title='bbox 123 3265 204 3319; x_wconf 87' lang='lat' dir='ltr'>uerba</span> <span class='ocrx_word' id='word_1_166' title='bbox 222 3265 326 3332; x_wconf 77' lang='lat' dir='ltr'>facisse,</span> <span class='ocrx_word' id='word_1_167' title='bbox 345 3271 376 3322; x_wconf 81' lang='lat' dir='ltr'>ur</span> <span class='ocrx_word' id='word_1_168' title='bbox 393 3285 443 3323; x_wconf 90' lang='lat' dir='ltr'>non</span> <span class='ocrx_word' id='word_1_169' title='bbox 461 3269 555 3332; x_wconf 90' lang='lat' dir='ltr'>solnm,</span> <span class='ocrx_word' id='word_1_170' title='bbox 575 3267 647 3338; x_wconf 91' lang='lat' dir='ltr'>qnod</span> <span class='ocrx_word' id='word_1_171' title='bbox 664 3268 776 3322; x_wconf 84' lang='lat' dir='ltr'>formam</span> <span class='ocrx_word' id='word_1_172' title='bbox 794 3267 901 3321; x_wconf 88' lang='lat' dir='ltr'>dicandi</span> <span class='ocrx_word' id='word_1_173' title='bbox 919 3266 1032 3331; x_wconf 88' lang='lat' dir='ltr'>adtinet,</span> <span class='ocrx_word' id='word_1_174' title='bbox 1047 3283 1079 3319; x_wconf 89' lang='lat' dir='ltr'>ea</span> <span class='ocrx_word' id='word_1_175' title='bbox 1097 3282 1165 3334; x_wconf 89' lang='lat' dir='ltr'>quas</span> <span class='ocrx_word' id='word_1_176' title='bbox 1183 3283 1244 3336; x_wconf 88' lang='lat' dir='ltr'>pro·</span> 
     </span>
     <span class='ocr_line' id='line_1_25' title="bbox 122 3351 1245 3426; baseline 0.001 -21"><span class='ocrx_word' id='word_1_177' title='bbox 122 3351 204 3406; x_wconf 87' lang='lat' dir='ltr'>ferret</span> <span class='ocrx_word' id='word_1_178' title='bbox 231 3370 290 3411; x_wconf 89' lang='lat' dir='ltr'>cnm</span> <span class='ocrx_word' id='word_1_179' title='bbox 316 3356 448 3425; x_wconf 87' lang='lat' dir='ltr'>prioribus</span> <span class='ocrx_word' id='word_1_180' title='bbox 475 3355 530 3410; x_wconf 88' lang='lat' dir='ltr'>illis</span> <span class='ocrx_word' id='word_1_181' title='bbox 558 3374 635 3426; x_wconf 90' lang='lat' dir='ltr'>qnam</span> <span class='ocrx_word' id='word_1_182' title='bbox 662 3357 770 3411; x_wconf 90' lang='lat' dir='ltr'>minime</span> <span class='ocrx_word' id='word_1_183' title='bbox 798 3355 971 3410; x_wconf 86' lang='lat' dir='ltr'>conuenirent</span> <span class='ocrx_word' id='word_1_184' title='bbox 995 3353 1042 3408; x_wconf 88' lang='lat' dir='ltr'>sed</span> <span class='ocrx_word' id='word_1_185' title='bbox 1067 3354 1156 3417; x_wconf 88' lang='lat' dir='ltr'>etiam,</span> <span class='ocrx_word' id='word_1_186' title='bbox 1181 3352 1245 3423; x_wconf 89' lang='lat' dir='ltr'>quid</span> 
     </span>
     <span class='ocr_line' id='line_1_26' title="bbox 123 3440 1245 3514; baseline 0.002 -22"><span class='ocrx_word' id='word_1_187' title='bbox 123 3440 232 3509; x_wconf 89' lang='lat' dir='ltr'>spiritus</span> <span class='ocrx_word' id='word_1_188' title='bbox 256 3444 342 3497; x_wconf 85' lang='lat' dir='ltr'>sancti</span> <span class='ocrx_word' id='word_1_189' title='bbox 366 3446 502 3514; x_wconf 89' lang='lat' dir='ltr'>proprium</span> <span class='ocrx_word' id='word_1_190' title='bbox 527 3449 605 3508; x_wconf 81' lang='lat' dir='ltr'>asset,</span> <span class='ocrx_word' id='word_1_191' title='bbox 631 3444 688 3514; x_wconf 87' lang='lat' dir='ltr'>ipsa</span> <span class='ocrx_word' id='word_1_192' title='bbox 713 3459 767 3497; x_wconf 91' lang='lat' dir='ltr'>non</span> <span class='ocrx_word' id='word_1_193' title='bbox 790 3446 845 3497; x_wconf 85' lang='lat' dir='ltr'>tam</span> <span class='ocrx_word' id='word_1_194' title='bbox 870 3442 986 3496; x_wconf 83' lang='lat' dir='ltr'>tacuisse</span> <span class='ocrx_word' id='word_1_195' title='bbox 1011 3444 1090 3510; x_wconf 86' lang='lat' dir='ltr'>quam</span> <span class='ocrx_word' id='word_1_196' title='bbox 1107 3441 1245 3511; x_wconf 86' lang='lat' dir='ltr'>ignorasse</span> 
     </span>
     <span class='ocr_line' id='line_1_27' title="bbox 122 3526 1245 3603; baseline 0 -22"><span class='ocrx_word' id='word_1_197' title='bbox 122 3526 264 3586; x_wconf 87' lang='lat' dir='ltr'>uideretur.</span> <span class='ocrx_word' id='word_1_198' title='bbox 289 3532 369 3586; x_wconf 90' lang='lat' dir='ltr'>immo</span> <span class='ocrx_word' id='word_1_199' title='bbox 394 3533 484 3598; x_wconf 85' lang='lat' dir='ltr'>uerba,</span> <span class='ocrx_word' id='word_1_200' title='bbox 510 3549 578 3603; x_wconf 89' lang='lat' dir='ltr'>quae</span> <span class='ocrx_word' id='word_1_201' title='bbox 603 3532 732 3603; x_wconf 89' lang='lat' dir='ltr'>praebent</span> <span class='ocrx_word' id='word_1_202' title='bbox 749 3531 806 3596; x_wconf 89' lang='lat' dir='ltr'>VH,</span> <span class='ocrx_word' id='word_1_203' title='bbox 831 3530 993 3600; x_wconf 86' lang='lat' dir='ltr'>interpolata</span> <span class='ocrx_word' id='word_1_204' title='bbox 1016 3531 1091 3593; x_wconf 90' lang='lat' dir='ltr'>snnt;</span> <span class='ocrx_word' id='word_1_205' title='bbox 1117 3527 1188 3598; x_wconf 90' lang='lat' dir='ltr'>qnod</span> <span class='ocrx_word' id='word_1_206' title='bbox 1204 3529 1245 3582; x_wconf 92' lang='lat' dir='ltr'>ita</span> 
     </span>
     <span class='ocr_line' id='line_1_28' title="bbox 122 3614 1245 3690; baseline 0.001 -22"><span class='ocrx_word' id='word_1_207' title='bbox 122 3614 222 3670; x_wconf 82' lang='lat' dir='ltr'>factum</span> <span class='ocrx_word' id='word_1_208' title='bbox 246 3634 303 3672; x_wconf 89' lang='lat' dir='ltr'>essa</span> <span class='ocrx_word' id='word_1_209' title='bbox 326 3623 484 3690; x_wconf 87' lang='lat' dir='ltr'>putauerim.</span> <span class='ocrx_word' id='word_1_210' title='bbox 504 3628 535 3674; x_wconf 89' lang='lat' dir='ltr'>nt</span> <span class='ocrx_word' id='word_1_211' title='bbox 552 3637 611 3675; x_wconf 88' lang='lat' dir='ltr'>cnm</span> <span class='ocrx_word' id='word_1_212' title='bbox 633 3624 694 3674; x_wconf 83' lang='lat' dir='ltr'>ante</span> <span class='ocrx_word' id='word_1_213' title='bbox 713 3619 796 3673; x_wconf 88' lang='lat' dir='ltr'>uerba</span> <span class='ocrx_word' id='word_1_214' title='bbox 813 3618 987 3687; x_wconf 82' lang='lat' dir='ltr'>proprium</span> <span class='ocrx_word' id='word_1_215' title='bbox 1009 3633 1113 3686; x_wconf 77' lang='lat' dir='ltr'>quoquc</span> <span class='ocrx_word' id='word_1_216' title='bbox 1129 3617 1184 3684; x_wconf 73' lang='lat' dir='ltr'>filii</span> <span class='ocrx_word' id='word_1_217' title='bbox 1202 3616 1245 3669; x_wconf 84' lang='lat' dir='ltr'>dei</span> 
     </span>
     <span class='ocr_line' id='line_1_29' title="bbox 123 3702 1245 3774; baseline 0.001 -18"><span class='ocrx_word' id='word_1_218' title='bbox 123 3706 173 3757; x_wconf 89' lang='lat' dir='ltr'>etc.</span> <span class='ocrx_word' id='word_1_219' title='bbox 192 3702 265 3759; x_wconf 82' lang='lat' dir='ltr'>facili</span> <span class='ocrx_word' id='word_1_220' title='bbox 283 3706 385 3761; x_wconf 91' lang='lat' dir='ltr'>librarii</span> <span class='ocrx_word' id='word_1_221' title='bbox 404 3708 541 3762; x_wconf 88' lang='lat' dir='ltr'>cuiusdam</span> <span class='ocrx_word' id='word_1_222' title='bbox 560 3724 646 3762; x_wconf 90' lang='lat' dir='ltr'>errore</span> <span class='ocrx_word' id='word_1_223' title='bbox 665 3707 824 3762; x_wconf 83' lang='lat' dir='ltr'>excidissent</span> <span class='ocrx_word' id='word_1_224' title='bbox 841 3706 924 3761; x_wconf 90' lang='lat' dir='ltr'>uerba</span> <span class='ocrx_word' id='word_1_225' title='bbox 936 3705 1113 3774; x_wconf 82' lang='lat' dir='ltr'>proprium</span> <span class='ocrx_word' id='word_1_226' title='bbox 1130 3705 1245 3772; x_wconf 78' lang='lat' dir='ltr'>spiritus</span> 
     </span>
     <span class='ocr_line' id='line_1_30' title="bbox 119 3780 1243 3866; baseline 0 -20"><span class='ocrx_word' id='word_1_227' title='bbox 119 3794 211 3846; x_wconf 81' lang='lat' dir='ltr'>eoacti</span> <span class='ocrx_word' id='word_1_228' title='bbox 227 3800 259 3848; x_wconf 83' lang='lat' dir='ltr'>ut</span> <span class='ocrx_word' id='word_1_229' title='bbox 277 3794 309 3848; x_wconf 84' lang='lat' dir='ltr'>de</span> <span class='ocrx_word' id='word_1_230' title='bbox 325 3801 450 3864; x_wconf 78' lang='lat' dir='ltr'>putreat</span> <span class='ocrx_word' id='word_1_231' title='bbox 467 3780 526 3864; x_wconf 75' lang='lat' dir='ltr'>filio</span> <span class='ocrx_word' id='word_1_232' title='bbox 544 3795 700 3866; x_wconf 84' lang='lat' dir='ltr'>procederet</span> <span class='ocrx_word' id='word_1_233' title='bbox 716 3796 766 3850; x_wconf 84' lang='lat' dir='ltr'>sub</span> <span class='ocrx_word' id='word_1_234' title='bbox 783 3812 843 3849; x_wconf 81' lang='lat' dir='ltr'>uno</span> <span class='ocrx_word' id='word_1_235' title='bbox 860 3794 1016 3849; x_wconf 75' lang='lat' dir='ltr'>substantia</span> <span class='ocrx_word' id='word_1_236' title='bbox 1036 3792 1155 3855; x_wconf 56' lang='lat' dir='ltr'>dotatis,</span> <span class='ocrx_word' id='word_1_237' title='bbox 1174 3792 1243 3846; x_wconf 92' lang='lat' dir='ltr'>alins</span> 
     </span>
     <span class='ocr_line' id='line_1_31' title="bbox 121 3880 1245 3953; baseline 0 -19"><span class='ocrx_word' id='word_1_238' title='bbox 121 3881 254 3946; x_wconf 88' lang='lat' dir='ltr'>librarius,</span> <span class='ocrx_word' id='word_1_239' title='bbox 269 3882 316 3953; x_wconf 91' lang='lat' dir='ltr'>qui</span> <span class='ocrx_word' id='word_1_240' title='bbox 334 3886 365 3936; x_wconf 90' lang='lat' dir='ltr'>nt</span> <span class='ocrx_word' id='word_1_241' title='bbox 382 3885 491 3938; x_wconf 89' lang='lat' dir='ltr'>tertium</span> <span class='ocrx_word' id='word_1_242' title='bbox 510 3882 642 3952; x_wconf 89' lang='lat' dir='ltr'>quoddam</span> <span class='ocrx_word' id='word_1_243' title='bbox 656 3883 802 3938; x_wconf 88' lang='lat' dir='ltr'>membrum</span> <span class='ocrx_word' id='word_1_244' title='bbox 817 3882 908 3937; x_wconf 86' lang='lat' dir='ltr'>deesse</span> <span class='ocrx_word' id='word_1_245' title='bbox 921 3881 990 3936; x_wconf 88' lang='lat' dir='ltr'>bene</span> <span class='ocrx_word' id='word_1_246' title='bbox 1003 3880 1190 3951; x_wconf 86' lang='lat' dir='ltr'>perspiciebat,</span> <span class='ocrx_word' id='word_1_247' title='bbox 1204 3880 1245 3934; x_wconf 88' lang='lat' dir='ltr'>ita</span> 
     </span>
     <span class='ocr_line' id='line_1_32' title="bbox 122 3957 1244 4040; baseline -0.002 -17"><span class='ocrx_word' id='word_1_248' title='bbox 122 3957 302 4026; x_wconf 85' lang='lat' dir='ltr'>ecclesiastica</span> <span class='ocrx_word' id='word_1_249' title='bbox 320 3971 440 4026; x_wconf 85' lang='lat' dir='ltr'>doctrina</span> <span class='ocrx_word' id='word_1_250' title='bbox 457 3973 544 4027; x_wconf 89' lang='lat' dir='ltr'>minus</span> <span class='ocrx_word' id='word_1_251' title='bbox 559 3976 617 4026; x_wconf 87' lang='lat' dir='ltr'>erat</span> <span class='ocrx_word' id='word_1_252' title='bbox 627 3972 757 4036; x_wconf 85' lang='lat' dir='ltr'>imbutus,</span> <span class='ocrx_word' id='word_1_253' title='bbox 768 3971 890 4026; x_wconf 87' lang='lat' dir='ltr'>lacunam</span> <span class='ocrx_word' id='word_1_254' title='bbox 904 3970 1021 4040; x_wconf 87' lang='lat' dir='ltr'>expleret</span> <span class='ocrx_word' id='word_1_255' title='bbox 1033 3968 1141 4022; x_wconf 87' lang='lat' dir='ltr'>insertis</span> <span class='ocrx_word' id='word_1_256' title='bbox 1154 3968 1244 4022; x_wconf 86' lang='lat' dir='ltr'>uerbis</span> 
     </span>
     <span class='ocr_line' id='line_1_33' title="bbox 121 4055 1244 4129; baseline -0.003 -18"><span class='ocrx_word' id='word_1_257' title='bbox 121 4059 176 4112; x_wconf 92' lang='lat' dir='ltr'>illis</span> <span class='ocrx_word' id='word_1_258' title='bbox 197 4066 292 4114; x_wconf 80' lang='lat' dir='ltr'>uotum</span> <span class='ocrx_word' id='word_1_259' title='bbox 314 4061 396 4114; x_wconf 80' lang='lat' dir='ltr'>ctiam</span> <span class='ocrx_word' id='word_1_260' title='bbox 418 4061 486 4128; x_wconf 81' lang='lat' dir='ltr'>quid</span> <span class='ocrx_word' id='word_1_261' title='bbox 506 4062 543 4114; x_wconf 85' lang='lat' dir='ltr'>sit</span> <span class='ocrx_word' id='word_1_262' title='bbox 560 4061 703 4128; x_wconf 80' lang='lat' dir='ltr'>proprium</span> <span class='ocrx_word' id='word_1_263' title='bbox 725 4060 837 4129; x_wconf 82' lang='lat' dir='ltr'>spiritua</span> <span class='ocrx_word' id='word_1_264' title='bbox 858 4059 949 4112; x_wconf 66' lang='lat' dir='ltr'>sandi</span> <span class='ocrx_word' id='word_1_265' title='bbox 967 4073 1045 4127; x_wconf 84' lang='lat' dir='ltr'>quam</span> <span class='ocrx_word' id='word_1_266' title='bbox 1064 4057 1177 4110; x_wconf 82' lang='lat' dir='ltr'>maxime</span> <span class='ocrx_word' id='word_1_267' title='bbox 1196 4055 1244 4108; x_wconf 87' lang='lat' dir='ltr'>fri-</span> 
     </span>
     <span class='ocr_line' id='line_1_34' title="bbox 122 4146 449 4219; baseline 0.006 -19"><span class='ocrx_word' id='word_1_268' title='bbox 122 4146 193 4216; x_wconf 85' lang='lat' dir='ltr'>gidis</span> <span class='ocrx_word' id='word_1_269' title='bbox 212 4151 291 4219; x_wconf 90' lang='lat' dir='ltr'>atqua</span> <span class='ocrx_word' id='word_1_270' title='bbox 309 4148 449 4202; x_wconf 83' lang='lat' dir='ltr'>inertibus.</span> 
     </span>
    </p>
   </div>
   <div class='ocr_carea' id='block_1_8' title="bbox 0 0 1456 4672">
    <p class='ocr_par' dir='ltr' id='par_1_10' title="bbox 0 0 1456 4672">
     <span class='ocr_line' id='line_1_35' title="bbox 0 0 1456 4672; baseline 0 0"><span class='ocrx_word' id='word_1_271' title='bbox 0 0 1456 4672; x_wconf 95' lang='lat' dir='ltr'> </span> 
     </span>
    </p>
   </div>
  </div>
 </body>
</html>
