2904 4672
172 195 214 258 88
248 181 250 188 ’
340 191 466 263 Epistula
481 191 590 246 Maximi
607 191 642 246 ad
660 192 876 249 Valentinianum
895 199 988 251 eontra
1005 197 1132 257 Arrianos

2 471 5 480 Ι
121 391 141 453 9
174 386 806 471 anteiudioinmconsortiorspelleudum.
835 401 840 409 '
869 388 1037 472 quidnuno
1051 391 1138 457 aliud
1148 399 1297 477 superest,

173 511 267 575 quam
288 496 325 558 ut
338 493 532 559 ‘catholicam
553 493 646 559 fidem
670 488 841 560 schismata
871 495 903 560 in
937 496 1098 563 diuersum
1132 497 1299 566 dissociata

173 599 351 678 dilacerent,
378 619 473 684 quam
507 602 545 665 ut
579 601 723 666 haereses
760 602 971 667 communioni
1003 622 1125 686 semper
1156 605 1298 672 inimicae

173 725 209 771 en
231 708 319 771 tanta
341 708 501 790 gestarum
522 725 627 772 rerum
649 708 801 772 uarietate
828 711 1005 787 nascantur,
1028 713 1066 775 ut
1088 711 1151 776 iam
1183 715 1298 797 populo

172 831 268 895 paene
290 831 351 878 non
375 812 487 878 debeat
504 813 662 896 imputari,
677 813 705 878 si
717 813 798 878 forte
813 813 845 878 in
860 813 1003 881 dissonas
1018 820 1122 899 partes
1144 821 1298 884 sectarum
1324 824 1339 862 ⁶

173 918 356 984 diuersitate
378 918 529 998 discedat,
553 939 625 985 eum
648 939 683 984 ex
707 919 892 986 auctoritate
909 921 1043 1004 publiea
1074 923 1298 1009 discordiarum

172 1024 317 1090 materies
342 1024 385 1089 sit
405 1025 577 1108 praemissa
600 1029 632 1090 et
653 1024 754 1091 fomes
777 1024 904 1108 quidam
925 1027 1108 1094 nutriendae
1136 1031 1298 1099 seditionis

122 1122 352 1194 loanimacusa
419 1129 504 1214 quod
535 1149 574 1195 ne
606 1130 638 1195 in
670 1149 817 1216 maguam
849 1131 986 1215 aliquam
1019 1134 1141 1216 generis
1172 1136 1299 1202 hnmani

172 1234 339 1319 perniciem
371 1236 578 1315 recrudescat,
615 1240 692 1302 uota
721 1236 862 1302 iacienda
893 1225 989 1317 sunt,
1008 1242 1046 1303 ut
1076 1240 1115 1304 ad
1146 1240 1298 1307 humanas

171 1340 385 1423 prolapsiones
421 1341 543 1424 patiens
576 1341 653 1407 deus
689 1361 756 1407 rem
793 1343 875 1406 male
911 1346 1033 1427 gestam
1070 1348 1234 1428 prosperet
1263 1367 1298 1412 ac
1315 1372 1337 1413 ro

173 1447 332 1513 secundet.
356 1466 437 1522 nam,
461 1447 666 1529 quantumin
690 1447 779 1513 nobis
803 1449 862 1524 est,
885 1467 1055 1531 possumus
1073 1450 1195 1530 timere,
1215 1453 1299 1536 quod

172 1555 299 1637 gestum
323 1555 387 1618 est:
411 1555 563 1635 quantum
587 1553 626 1617 ad
647 1553 797 1635 pietatem
821 1555 1130 1637 semper-placabilis
1153 1557 1214 1637 dei,
1237 1578 1297 1624 non

173 1659 233 1724 erit
253 1657 358 1724 meriti
379 1658 550 1741 impunitas
572 1659 694 1724 indulta
717 1659 772 1725 sed
794 1660 914 1724 ueniae.
1251 1674 1255 1682 ’

695 1849 779 1936 sc)
847 1813 850 1818 ’

171 1993 323 2040 nrlsrona
357 1993 465 2040 mm
500 1993 640 2040 ulnam
661 1994 705 2039 Ab
737 1994 995 2042 amnnnlnlanuu
1026 1996 1100 2043 Aba.
1136 1957 1343 2046 walorannus

369 2120 372 2125 ·
438 2100 561 2147 CONTRA
582 2093 737 2146 Annllnos
760 2100 799 2145 ΕΤ
822 2100 1032 2148 mlcmos.

214 2203 285 2269 Nisi
308 2202 490 2270 clementiae
512 2208 635 2270 nostrae
658 2204 741 2269 circa
754 2203 954 2270 serenitatem
966 2208 1055 2270 tuam
1069 2206 1145 2272 fides
1166 2209 1299 2292 simplex

172 2313 258 2376 osset
280 2313 312 2375 et
333 2309 435 2394 gratia
455 2309 565 2392 plenae
580 2309 773 2387 concordiae,
788 2308 909 2375 confido
924 2309 1018 2375 etiam
1033 2312 1117 2394 quod
1133 2315 1301 2380 commoda

171 2414 345 2480 rationibus
369 2415 448 2481 meis
472 2434 541 2480 esse
567 2419 697 2499 possent
727 2416 814 2493 baec,
847 2434 925 2497 quae
957 2435 1038 2482 nunc
1069 2417 1121 2501 agi
1151 2417 1301 2485 dicuntur

171 2520 204 2587 in
225 2521 368 2605 partibus
390 2520 627 2603 tranquillitatis
650 2524 741 2586 tuae:
765 2521 938 2586 catholicae
951 2523 1032 2609 legis
1046 2524 1183 2589 turbatio
1203 2528 1299 2608 atque
1318 2554 1347 2595 ar

172 2627 346 2694 conuulsio.
370 2627 445 2711 quid
468 2627 548 2695 enim
572 2630 642 2692 tam‘
661 2626 832 2710 optandum
854 2628 956 2711 possit
977 2630 999 2711 †
1023 2628 1061 2707 ei,
1086 2628 1197 2711 siquis
1212 2635 1300 2695 esset

171 2735 328 2811 inimicus,
352 2737 455 2817 quam'
468 2733 618 2798 aduersus
642 2733 790 2800 ecclesias
814 2734 873 2813 dei,
892 2734 951 2799 hoc
971 2737 1020 2800 est
1038 2735 1188 2800 aduersus
1203 2735 1300 2802 deum

172 2842 286 2925 ipsum,
308 2843 341 2906 ts
365 2839 468 2921 aliqua
489 2839 592 2905 moliri
615 2842 656 2917 et,
680 2840 735 2904 ubi
757 2859 841 2905 error
862 2840 1049 2906 excusabilis
1077 2858 1137 2906 non
1170 2844 1228 2920 est,
1253 2843 1299 2907 ibi

121 2945 141 3008 2
172 2949 256 3013 uelle
277 2949 429 3031 peccare?
496 2945 551 3010 sed
582 2945 729 3028 quoniam
761 2946 921 3011 serenitati
948 2949 1073 3012 nostrae
1097 2949 1129 3012 et
1149 2947 1187 3011 in·
1205 2946 1301 3012 deum

171 3054 282 3139 religio
304 3052 404 3119 maior
425 3070 519 3135 quam
533 3054 589 3125 (ut
611 3063 713 3145 eum>
727 3053 838 3118 uiolari
853 3057 885 3116 et
898 3053 936 3116 ab
952 3052 1154 3117 inimicisimo
1173 3071 1300 3136 qnoque
1319 3083 1349 3123 as

174 3161 310 3245 optabile
332 3160 423 3225 nobis
446 3159 641 3235 arbitremur,
665 3161 698 3223 et
724 3157 807 3224 circa
838 3158 1068 3229 serenissimam
1099 3153 1301 3235 iuuentutem

173 3268 259 3329 tuam
283 3269 347 3329 tam
372 3267 438 3330 arta
459 3263 559 3329 nostri
587 3282 671 3340 cura,
703 3265 769 3328 tam
800 3263 909 3328 sedula
941 3268 999 3342 est,
1032 3269 1069 3328 ut
1099 3268 1185 3329 recto
1215 3264 1300 3331 facta

208 3472 256 3528 89.
292 3473 360 3528 Dat.
379 3490 407 3527 a.
418 3475 482 3527 ,386
498 3472 543 3526 ael
558 3475 633 3526 387·
687 3469 761 3525 Edd.
783 3469 846 3524 Gar.
865 3470 896 3524 1²
916 3473 966 3536 48,
984 3470 1054 3525 Bor.
1069 3472 1109 3526 od
1122 3488 1148 3528 a.
1164 3475 1231 3536 387,
1248 3476 1300 3541 33;

140 3585 143 3592 ·
177 3561 285 3618 Collect.
306 3560 407 3616 Cuncti.
458 3561 490 3614 15
510 3559 625 3630 epistola
641 3558 749 3630 Meyer:
766 3575 830 3612 axes
854 3558 880 3610 V
938 3558 1115 3613 iunioniorem
1138 3559 1165 3613 V
1198 3558 1231 3615 16
1249 3578 1299 3614 rn-

173 3662 282 3706 arcanos
311 3650 347 3716 V;
368 3650 454 3705 who
477 3652 504 3704 et
525 3647 696 3703 Manichaeoa
718 3663 776 3702 aon
794 3647 833 3702 ad
849 3647 922 3701 banc
939 3648 1084 3716 epistulam
1097 3648 1236 3717 pertineat
1253 3650 1302 3704 sed

175 3738 214 3793 ad
230 3754 290 3794 cum
306 3755 376 3808 quus
393 3737 521 3806 sequitur,
540 3738 574 3806 cf.
595 3753 635 3806 ep.
652 3735 756 3806 4054
810 3736 841 3789 17
860 3734 947 3789 fidelis
966 3736 998 3801 V,
1011 3751 1078 3790 corr.
1093 3733 1120 3787 ο2
1170 3737 1203 3790 18
1220 3736 1301 3806 plena

178 3826 240 3882 Car.
329 3826 401 3897 quod
424 3826 505 3880 etiarn
528 3825 685 3881 dubitanter
702 3824 797 3894 Meyer
867 3825 900 3878 21
919 3824 1006 3895 possit
1028 3824 1063 3884 V,:
1084 3840 1141 3880 esse
1159 3825 1247 3894 possit
1264 3823 1298 3888 ι’,

175 3915 261 3985 possit
283 3919 340 3970 es'se
361 3914 426 3970 Car.-
514 3915 548 3967 25
560 3915 606 3967 <ut
629 3914 704 3967 eum>
717 3911 813 3966 uiolari
833 3912 943 3981 scripsi:
966 3912 1062 3966 uiolari
1084 3911 1116 3976 V,
1129 3912 1298 3967 <usurpari

173 4005 262 4066 <eum>
280 4001 314 4074 p²,
335 4005 381 4058 <ut
403 4000 476 4057 eam>
493 4003 588 4057 uiolari
604 4002 700 4071 Meyer
787 4001 821 4055 26
844 3999 963 4055 obtabile
985 4000 1022 4054 V:
1040 4000 1122 4056 <noni
1135 4000 1254 4071 optabile
1272 3999 1298 4053 ο2

176 4091 334 4151 arbitremur
352 4089 389 4162 p²:
409 4090 569 4146 arbitramur
590 4089 617 4143 V
