2904 4672
71 242 74 248 ²
164 266 229 330 350
489 258 606 329 Uigilias
624 274 694 328 papa
711 257 862 312 Iustiniauo
879 256 949 328 Aug.

163 460 237 522 tuuc
266 453 622 537 Constantinopolitanae
651 452 790 517 ciuitatis
818 451 992 516 antistitem
1018 470 1075 516 nec
1103 470 1164 516 non
1192 454 1224 516 et
1250 451 1288 516 ad

164 563 424 628 clementissimas
444 560 612 626 memoriae
634 561 768 624 Leonem
785 559 955 641 principem
973 559 1155 636 destinatas,
1176 557 1287 640 quibus

163 670 398 746 haereticorum,
434 669 467 732 id
503 669 552 732 est
587 665 726 732 Nestorii
760 669 854 749 atque
894 665 1088 747 Eutychetis,
1128 664 1289 747 perfidiam

164 775 340 841 rationabili
380 773 549 839 assertione
590 772 646 837 deo
689 772 749 837 sibi
786 772 941 854 aspirante
977 770 1128 849 confudit,
1165 770 1288 836 omniuo

167 881 385 962 amplectimur
412 882 443 943 et
469 896 531 960 qua
558 879 680 961 oportet
707 876 834 941 caritate
862 875 1066 941 defendimus.
1090 878 1122 940 et
1144 875 1289 957 quamuis
1317 898 1327 934 n

164 1002 220 1053 nos
244 985 337 1051 animi
358 984 493 1066 fideique
515 985 638 1047 nostrae
661 983 718 1047 deo
737 981 930 1047 custodiente
949 981 1110 1046 sinceritas
1130 985 1290 1046 contrusa

164 1092 341 1158 nullatenus
369 1090 474 1154 uenire
500 1089 671 1172 permittat,
699 1087 885 1171 perpendere
912 1090 1016 1152 mmen
1044 1087 1137 1152 debet
1166 1089 1290 1151 uestrae

163 1198 290 1280 pietatis
317 1197 497 1261 admiranda
521 1195 695 1277 prudentia,
722 1195 878 1278 quianon
901 1194 987 1279 digni
1019 1197 1184 1260 censentur
1213 1193 1290 1258 anti-

165 1304 265 1381 stites,
281 1303 335 1386 qui
348 1302 556 1385 praefatomm
571 1301 751 1383 praesulum
766 1301 849 1366 sedis
865 1300 1054 1383 apostolicae
1067 1300 1290 1365 inuiolabiliter

121 1403 140 1465 (5
164 1410 291 1475 minime
320 1407 491 1474 constitute
516 1406 720 1473 seruauerint.
786 1408 862 1473 baec
890 1425 973 1491 ergo,
1001 1425 1079 1489 quae
1112 1406 1150 1471 de
1180 1405 1241 1470 fide
1272 1424 1329 1470 aro

163 1515 305 1600 patribus
328 1516 505 1579 sanctarum
527 1515 675 1594 quattuor
697 1513 885 1596 synodorum
908 1515 940 1577 et
957 1532 975 1576 a
993 1513 1164 1597 designatis
1182 1511 1293 1577 beatae'

164 1619 386 1686 recordationis
407 1636 507 1701 papae
528 1619 640 1683 Leonis
663 1619 804 1702 epistolis
827 1621 921 1700 atque
943 1638 962 1682 a
984 1637 1078 1700 supra
1104 1617 1288 1701 scriptorum

164 1726 420 1810 predecessorum
437 1727 613 1789 nostrorum
629 1724 809 1790 constitutis
824 1728 898 1789 sunt
911 1723 1140 1789 uenerabilibus
1155 1721 1289 1800 definita,

163 1851 219 1915 per
232 1831 334 1897 omnia
348 1849 404 1896 nos
424 1833 587 1913 sequentes
603 1834 755 1896 eteorum
774 1830 931 1895 doctrinae
950 1830 1119 1895 contrarios
1137 1827 1291 1913 probabili

165 1938 353 2022 apostolicae
381 1937 463 2002 sedis
491 1937 676 2001 auctoritate
702 1937 882 2001 damnantes
905 1936 1203 2001 anathematizamus
1226 1944 1330 2012 eos,1s

166 2045 352 2127 quicumque
368 2044 405 2106 de
417 2042 489 2106 fidei
508 2042 575 2107 eius
592 2042 781 2124 expositione
795 2042 847 2106 uel
860 2041 1045 2108 rectitudine
1059 2045 1115 2106 aut
1132 2040 1291 2123 disputare

165 2167 309 2231 peruerse
328 2151 384 2213 aut
397 2147 454 2221 <iu
461 2146 612 2220 >fideliter
626 2147 767 2213 dubitare
784 2149 995 2230 temptauerit,
1010 2150 1042 2212 et
1059 2149 1167 2212 conta
1185 2146 1291 2212 eadem

166 2254 344 2332 sentientes,
373 2271 452 2335 quae
481 2252 518 2317 de
540 2252 601 2317 fide
623 2253 654 2316 in
677 2251 813 2318 Nicaena
836 2252 1291 2336 constantinopolitanamque

165 2357 327 2440 llphesena
348 2358 448 2440 prima
471 2357 526 2422 sed
549 2362 580 2422 ct
603 2357 846 2424 calchedonensi
865 2359 1070 2425 sanctissimis
1090 2357 1218 2443 synodis
1236 2375 1292 2421 uec

165 2483 223 2529 non
243 2465 275 2527 et
292 2464 400 2528 beatae
416 2464 636 2529 recordationis
654 2465 883 2546 predecessoris
901 2465 999 2530 nostri
1012 2465 1124 2529 Leonis
1138 2463 1290 2546 epistolis,
1307 2489 1332 2528 ec

168 2587 297 2650 quarum
323 2569 455 2634 fecimus
478 2569 678 2647 mentionem,
702 2570 754 2634 uel
776 2571 943 2647 uniuersis,
967 2590 1045 2652 quae
1066 2571 1168 2652 ipsius
1193 2569 1292 2634 sanxit

124 2671 345 2752 Venatoritas,
383 2675 587 2753 continentur,
625 2675 796 2740 catholicae
831 2676 906 2740 fidei
940 2677 1060 2741 unitate
1101 2676 1297 2740 secernimus·

167 2781 451 2863 amplectentesque
488 2784 520 2846 et
554 2781 585 2845 iu
623 2782 766 2847 omnibus
798 2782 1033 2865 comprobantes
1064 2782 1139 2847 fidei
1170 2785 1292 2846 uestrae

165 2885 318 2962 libellum,
342 2905 434 2968 quem
456 2886 555 2950 nostri
579 2887 721 2969 obsequii
743 2888 898 2953 famulatu
919 2891 993 2953 tunc
1013 2887 1168 2953 decessori
1187 2889 1291 2952 nostro

166 2990 274 3056 beatae
295 2991 516 3056 recordationis
538 2993 672 3076 Agapito
695 2993 795 3076 pietas
817 2996 924 3058 uestm
942 2994 1111 3059 orthodoxo
1128 2993 1291 3069 deuotione
1308 3017 1332 3058 a

168 3096 363 3173 contradidit,
396 3097 427 3161 in
460 3116 520 3179 quo
554 3117 599 3176 ea,
633 3118 710 3180 quae
741 3102 845 3164 mente
873 3099 992 3184 geritis,
1021 3099 1060 3163 ad
1088 3099 1292 3164 eruditionem

135 3245 137 3249 ψ
167 3202 289 3267 futurae
313 3203 424 3267 aetatis
447 3203 618 3286 scripturae
641 3224 764 3287 quoque
786 3205 966 3271 testimonio
991 3205 1184 3284 declarastis,
1203 3205 1292 3269 nibil·

100 3376 101 3380 ,
168 3325 228 3388 que
251 3326 269 3370 a
291 3327 383 3390 saepe
407 3308 559 3374 dictorum
581 3310 838 3391 predecessorum
860 3315 1036 3376 nostrorum
1053 3311 1114 3376 fide
1133 3311 1293 3383 deuiautee

204 3617 341 3671 2loenem
364 3619 395 3683 V,
415 3635 482 3673 corr.
503 3637 520 3670 α
596 3619 744 3674 destinatus
768 3620 799 3684 V,
818 3637 919 3675 corono
1008 3622 1154 3692 3perfidia
1175 3622 1206 3687 V,
1226 3638 1292 3677 corr·

171 3705 235 3760 Car.
315 3707 461 3760 tconfidit
484 3707 514 3772 V,
534 3724 634 3762 corae
723 3705 829 3763 omniuo
849 3728 875 3762 o:
896 3710 1015 3763 omuiV
1092 3709 1240 3765 8antistes
1261 3709 1293 3774 V,

168 3790 236 3849 corr.
256 3812 274 3847 a
317 3796 556 3865 9prsephatorum
579 3795 606 3848 V
657 3797 690 3850 10
708 3797 921 3852 serbausrintV
970 3800 1002 3853 13
1021 3798 1212 3853 uenerabiliter
1231 3798 1293 3852 Car.

162 3874 202 3936 Ι16
220 3882 379 3936 rectitudine
403 3882 434 3946 V,
453 3899 520 3937 corr.
540 3904 554 3936 o
601 3885 633 3938 17
651 3884 767 3938 fideliter
789 3885 820 3948 V,
839 3903 907 3940 corr.
930 3886 992 3942 Car.
1046 3888 1213 3941 tentarerint
1225 3887 1293 3941 Bar.

169 3970 202 4024 18
221 3968 352 4025 sentiente
375 3971 407 4036 V,
426 3972 526 4026 curro
615 3972 678 4026 fidei
700 3973 731 4036 V,
751 3974 851 4028 corono
939 3993 1040 4045 nycena
1061 3976 1089 4031 V
1140 3976 1173 4030 19
1193 3975 1295 4030 calche·

169 4056 285 4113 dunense
302 4058 334 4123 V,
352 4075 452 4144 cerac
505 4060 539 4113 20
558 4061 624 4130 eplis
642 4060 668 4113 V
717 4060 750 4114 ‘21
769 4063 897 4116 mtionem
914 4064 941 4118 V
991 4067 1024 4118 24
1043 4064 1155 4134 obsequi
1177 4065 1296 4129 V,·corr.

171 4144 236 4201 Gar.
290 4145 324 4200 28
343 4145 512 4202 deuiantibus
535 4148 566 4213 V,
586 4149 718 4203 coarcat*
824 4168 826 4173 ’
