2904 4672
174 217 236 280 248
425 217 519 287 Uigilii
537 220 712 272 constitutum
731 218 763 273 de
782 217 869 272 tribus
887 219 1010 289 capitulis

173 411 256 482 culis,
276 412 387 472 sciebat
403 415 554 485 subt-iliter,
573 418 605 475 ut
622 420 717 475 natam
737 417 850 490 quidem
868 418 977 477 feceret
993 407 1130 491 gentibus
1147 418 1293 492 pietatem,

172 502 317 573 pateretur
344 507 436 560 autem
464 505 654 563 laborantium
681 506 860 564 infirmitates
883 507 975 566 etsie
997 507 1034 564 ad
1058 507 1191 566 effectum
1216 524 1295 567 suam

171 590 348 649 uoluntatem
376 592 517 662 educeret,
544 598 575 652 et
600 593 807 653 instituebatur
833 596 899 654 iude
928 598 956 653 et
982 595 1175 655 inmaculatus
1198 599 1296 655 osten-

173 678 293 736 debatur
323 679 384 740 sibe
401 683 594 757 ,reparatione
614 683 753 760 ¹peiorum
786 683 850 742 siue
885 685 1016 744 custodia
1049 685 1198 744 meliorum
1237 687 1297 745 siue

172 765 257 824 etiam
280 768 416 841 paulatim
440 770 477 827 ad
500 771 617 830 meliora
639 771 824 844 profectibus.
1323 798 1334 837 a

121 875 162 938 66
215 886 250 950 Ι9
274 905 367 992 supra
385 889 500 969 scripto
520 887 702 954 duodecimo
721 890 857 972 capitulo
877 891 993 968 eadem,
1013 911 1090 973 quae
1108 892 1140 955 iu
1160 892 1297 975 septime

174 986 327 1085 capitulo„
343 993 489 1058 uidentur·
511 995 630 1076 exponi,
654 996 819 1087 asserenda
843 997 1002 1062 dominum
1025 1001 1168 1062 nostrum
1190 998 1299 1062 lesum
1378 998 1381 1057 1

173 1096 332 1163 Christum
360 1119 415 1186 per
437 1099 662 1166 habitationem
687 1103 786 1166 sancti
809 1103 938 1185 spiritus
962 1103 1001 1167 ad
1024 1104 1128 1168 omnia
1150 1104 1299 1170 informa-

172 1206 241 1268 tum
269 1209 300 1268 et
327 1224 381 1287 per
407 1209 547 1288 tempera
573 1205 621 1270 ad
638 1207 860 1288 perfectionem
892 1210 1047 1274 unctionis
1080 1210 1149 1276 eius
1182 1212 1299 1276 auxilie

172 1311 360 1392 penuenisse.
385 1313 411 1375 si
436 1312 505 1394 quis
528 1313 626 1396 igitur
647 1333 717 1378 eum
742 1333 802 1378 999
826 1334 883 1379 999
901 1315 1016 1381 deitate
1034 1317 1208 1398 perfectum
1230 1337 1299 1382 esse
1317 1329 1338 1367 ¹⁰

174 1415 301 1480 credens
325 1417 381 1482 sed
403 1421 561 1500 tamquam
579 1439 692 1501 purum
710 1420 866 1484 homiuem
885 1421 1030 1487 unctione
1049 1423 1148 1486 sancti
1167 1423 1300 1507 spiritus

173 1521 367 1606 indigentem
397 1524 494 1588 fuisse
522 1524 663 1589 adiutum
692 1526 775 1608 sapit
792 1526 894 1606 *docet
920 1528 1017 1592 credit
1044 1532 1098 1593 eut
1125 1528 1299 1611 praedicat.

174 1630 337 1694 anathema
360 1631 411 1694 sit

605 1821 765 1902 Capitulum
787 1829 866 1890 XlII.

124 1938 165 2002 67
221 1941 378 2020 (19991919
395 1950 483 2024 igitur
509 1951 686 2025 sequentiam
713 1950 801 2015 habet
828 1970 871 2024 99,
904 1954 980 2028 qued
1011 1954 1095 2013 home
1126 1955 1222 2012 faetus
1257 1955 1302 2013 est
1317 1963 1339 2004 1⁵

178 2040 257 2109 daus,
286 2039 381 2127 istum¹
399 2040 543 2103 hominem
570 2041 654 2099 deum
680 2042 798 2106 uerbum
826 2059 889 2101 esse
917 2043 1031 2101 dicere?
1058 2042 1083 2101 si
1110 2042 1185 2101 enirn
1213 2042 1299 2102 home

179 2131 223 2187 est
245 2129 314 2186 deus
336 2130 465 2198 uerbum,
488 2131 520 2194 ut
541 2128 603 2202 ipse
626 2127 707 2199 dicis,
732 2130 892 2190 omnimodo
917 2131 951 2189 de
974 2130 1088 2189 homine
1112 2131 1235 2189 dicimus
1255 2149 1299 2202 ea,

179 2233 251 2290 quae
271 2218 305 2275 de
324 2217 487 2277 decumbo
512 2216 689 2292 euangelista
711 2217 790 2278 dicit.
813 2219 882 2292 quid
905 2221 999 2277 autem
1023 2219 1112 2278 dicit?
1135 2220 1171 2277 in
1195 2219 1299 2292 priu-

178 2305 277 2379 919119
303 2309 382 2374 erat
404 2308 554 2366 uerbum
579 2309 613 2365 et
635 2307 784 2365 uerbum
809 2311 889 2366 era-t
906 2308 1001 2382 apud
1026 2308 1128 2365 deum
1152 2309 1188 2365 et
1207 2309 1299 2366 deus

178 2400 255 2453 erat
281 2396 440 2454 uerbum.
464 2395 535 2453 iste
568 2398 647 2453 erat
678 2396 713 2453 in
740 2396 927 2470 principie
956 2396 999 2454 ad
1029 2397 1142 2458 deum.
1176 2397 1340 2454 omnies

176 2500 239 2557 per
269 2483 386 2556 ipsum
418 2484 519 2542 sacta
551 2488 636 2565 sunt
668 2491 702 2542 et
733 2484 814 2542 sine
847 2503 881 2543 ao
913 2486 1051 2543 factum
1089 2487 1146 2542 est
1181 2485 1297 2553 nihil,

125 2573 272 2645 68qucd
299 2572 438 2630 facturn
466 2575 530 2633 est.
599 2588 666 2645 erge
694 2573 718 2631 si
745 2573 828 2632 hume
856 2575 900 2631 est
927 2574 996 2631 deus
1023 2573 1151 2642 uerbum,
1176 2573 1298 2631 dicimus
1373 2578 1376 2582 ’

178 2661 212 2718 (19
238 2661 317 2734 ipso:
346 2658 385 2719 ‘in
408 2661 549 2735 principle
574 2664 635 2719 erat
655 2662 796 2720 hamelet
818 2663 901 2721 hamc
925 2665 986 2720 erat
1008 2661 1044 2720 ad
1068 2663 1151 2719 deum
1174 2664 1204 2719 et
1227 2662 1298 2720 deus

178 2752 237 2806 erat
264 2750 359 2809 hemo.
388 2753 449 2808 erat
474 2750 558 2809 hamc
585 2750 615 2807 iu
641 2750 782 2824 principio
810 2751 847 2808 ad
874 2752 966 2809 deum.
995 2750 1091 2808 omnia
1121 2768 1172 2824 par
1203 2751 1298 2824 ipsum

176 2837 254 2896 facte
280 2836 350 2896 sunt
377 2841 406 2896 et
432 2840 493 2897 siue
515 2839 582 2913 'ipsu
610 2839 717 2897 factum
745 2842 789 2897 est
814 2838 894 2909 nihil,
928 2838 1004 2912 quod
1035 2838 1143 2897 factum
1175 2835 1242 2898 est?
1273 2839 1298 2896 si
1315 2845 1339 2885 ²⁵

179 3022 251 3088 quae
274 3016 308 3074 de
332 3017 384 3074 deo
407 3017 494 3075 uerbo
519 3016 588 3074 dicit
611 3016 798 3090 euangelista.

125 3138 169 3206 69
221 3135 256 3198 Ι9
280 3154 373 3217 supra
395 3136 510 3219 scripto
533 3137 625 3201 tertio
645 3136 764 3201 decimo
784 3136 919 3218 capitula
938 3135 1044 3219 negari
1062 3134 1188 3198 uidetur
1206 3134 1298 3198 deum

178 3242 309 3306 uerbum
335 3242 493 3307 homiuem
521 3243 639 3308 factum
668 3246 699 3308 et
727 3261 834 3306 rursus
862 3241 1018 3306 hominem
1047 3241 1139 3304 deum
1167 3241 1297 3305 uerbum

179 3366 258 3424 9999,
281 3351 317 3412 91
338 3369 393 3431 per
414 3351 472 3414 hoc
489 3349 664 3427 inducatur,
684 3350 766 3414 sicut
784 3349 926 3430 superius
947 3347 1066 3411 dietum
1085 3349 1143 3423 est,
1164 3346 1297 3410 dualitas
1314 3356 1337 3396 ³⁰

180 3473 389 3535 personarum.
415 3455 441 3518 si
465 3451 534 3535 quis
556 3455 653 3538 igitur
674 3455 719 3519 ita
742 3455 824 3536 sapit
846 3454 938 3518 docet
956 3453 1053 3517 credit
1071 3455 1126 3517 aut
1142 3452 1299 3534 praedicat

270 3714 378 3769 1810h.
399 3715 421 3775 1,
443 3714 510 3767 1-3

219 3849 230 3900 l
251 3847 353 3901 sciebat
372 3847 527 3901 subtiliter.
543 3891 547 3900 .
562 3850 577 3901 5
592 3846 754 3917 profectibus
773 3847 875 3900 exbibet
888 3845 1016 3914 Pedanius
1031 3845 1048 3897 l.
1063 3859 1084 3898 e.
1101 3846 1160 3897 442
1195 3846 1211 3896 4
1225 3859 1299 3912 sepu-

182 3935 330 3990 99119990
372 3936 595 4005 6eademqueV
638 3921 741 3989 ldmm
757 3935 783 3986 V
826 3936 859 3987 14
871 3934 920 3986 boc
933 3933 1082 4000 capitulum
1093 3948 1150 3984 non
1163 3929 1303 3984 exbibetC

184 4024 306 4078 ludices
328 4025 360 4089 V,
379 4040 447 4080 9999,
467 4043 480 4075 9
544 4025 575 4078 18
594 4024 676 4078 uerba
699 4024 728 4084 V,
748 4040 815 4077 9919.
833 4023 902 4075 Bar.
960 4021 994 4074 20
1013 4020 1064 4073 erit
1081 4019 1107 4071 in
1127 4019 1256 4088 priutipiu
1278 4017 1302 4069 V

181 4114 215 4166 21
236 4129 267 4166 ec
290 4112 327 4166 V:
345 4114 402 4181 ipso
421 4113 489 4166 Bar.
543 4113 712 4183 2219919199
736 4113 765 4175 V,
785 4127 852 4166 corr.
872 4129 889 4160 a
