2904 4672
220 200 242 264 4
370 195 446 263 Quae
463 199 541 266 gesta
558 197 622 249 sunt
638 196 709 249 iuter
725 194 861 250 Liberium
879 198 907 250 et
924 195 1041 251 Felicem
1059 198 1198 270 episcopos

219 392 333 475 agatur
351 408 454 454 causa.
475 389 619 473 quintum
636 389 701 453 iam
718 389 838 455 bellum
856 389 1012 455 Damasus
1030 391 1116 456 fecit.
1135 411 1154 456 a
1172 391 1246 459 sede
1264 394 1355 459 Petri

220 495 394 562 homicidas
426 496 509 560 foras
521 495 540 558 1³
572 494 622 559 dei
658 497 764 559 autem
800 496 938 578 populus
975 495 1140 580 episcopos
1183 500 1355 564 conuenire

221 601 331 666 multis
367 601 511 684 precibus
549 600 703 679 exorabat,
744 602 782 665 ut
816 603 1024 667 memoratum
1059 605 1148 668 tanta
1186 604 1354 688 impietate

220 707 413 772 maculatum
437 706 592 771 sententia
613 706 699 770 iusta
720 707 944 790 percellerent;
969 726 1062 790 quem
1086 711 1118 772 in
1140 712 1267 774 tantm
1285 730 1354 775 ma·
1408 786 1410 790 Α

170 807 327 878 idtronae
342 813 524 896 diligebant,
538 815 576 877 ut
588 815 800 879 matronarum
819 812 1023 894 auriscalpius
1042 813 1206 883 diceretur.
1253 834 1353 883 uoces
1384 839 1397 879 s

221 937 295 1003 ergo
326 918 428 1002 plebis
460 917 499 982 ad
530 917 785 983 Ualentinianum
821 917 993 1001 principem
1025 923 1099 983 sunt
1130 920 1262 1000 delatae,
1295 921 1354 1006 qui

219 1026 336 1109 pietate
368 1026 543 1090 commotus
575 1023 711 1088 reditum
743 1026 900 1094 concessit
928 1023 1080 1088 exulibus.
1112 1027 1187 1091 tunc
1213 1027 1353 1095 Ursinus

220 1150 293 1196 cum
310 1131 456 1196 Amantio
475 1135 508 1195 et
524 1130 612 1213 Lupo
632 1129 815 1195 diaconibus
838 1129 972 1211 septimo
996 1129 1116 1196 decimo
1135 1131 1353 1199 Kalendarum

221 1236 406 1303 Octobrium
432 1236 583 1318 Lupicino
615 1239 648 1300 et
674 1236 785 1301 Iouino
817 1254 920 1300 conss.
953 1236 992 1301 ad
1022 1236 1132 1301 urbem
1162 1219 1264 1304 rediit.
1297 1241 1353 1305 cui

169 1344 310 1429 ilplebs
334 1345 442 1408 sancta
465 1344 623 1426 gratanter
646 1341 788 1406 occurrit.
857 1341 912 1406 sed
930 1341 1086 1407 Damasus
1104 1345 1264 1409 tantorum
1287 1345 1352 1410 sibi
1370 1372 1396 1411 ro

221 1447 366 1515 conscius
403 1449 558 1513 scelernm
593 1467 655 1513 non
686 1446 835 1512 mediocri
864 1446 978 1512 timore
1009 1466 1183 1513 concussus
1214 1449 1353 1516 redemit

221 1575 312 1621 omne
334 1553 498 1638 palatium,
522 1573 560 1618 ue
583 1554 668 1619 facta
690 1572 749 1618 sua
770 1552 903 1636 principi
924 1553 1142 1636 panderentur.
1178 1555 1353 1636 imperator

219 1662 360 1726 nesciens
398 1660 474 1743 quid
509 1660 664 1725 Damasus
700 1661 912 1742 perpetrasset
946 1659 1085 1724 edictum
1119 1662 1277 1745 prorogat,
1312 1664 1353 1726 ut

220 1766 336 1832 Ursino
360 1766 452 1831 erilio
475 1766 614 1850 relegato
632 1764 720 1829 nulla
737 1764 870 1829 ulterius
888 1766 1022 1849 populos
1042 1765 1198 1831 contentio
1217 1765 1353 1832 nefanda

221 1872 392 1938 collideret.
416 1853 492 1936 tuuc
514 1870 647 1936 Ursinus
671 1871 837 1955 episcopus
860 1870 910 1934 uir
932 1873 1059 1935 sanctus
1083 1871 1200 1936 etsine
1219 1871 1397 1940 criminere

221 1979 389 2052 consulens
407 1976 492 2061 plebi
509 1975 639 2041 tradidit
656 1996 690 2041 se
708 1976 854 2041 manibus
872 1976 1049 2059 iniquorum
1068 1980 1101 2042 et
1118 1980 1205 2043 serto
1225 1977 1350 2043 decimo

221 2085 293 2151 Kal.
317 2083 480 2149 Decembr.
503 2082 643 2148 iussione
664 2082 862 2165 imperatoris
890 2081 929 2146 ad
955 2082 1083 2147 erilium
1105 2085 1216 2165 sponte
1238 2102 1351 2166 prope·

170 2192 313 2258 12rauit.
353 2239 356 2246 .
382 2188 437 2254 sed
467 2188 603 2273 populus
625 2189 740 2253 timeus
764 2187 858 2253 deum
880 2188 1052 2271 multisque
1074 2189 1350 2273 persecutionibus

212 2296 375 2380 iatigatns
407 2313 468 2358 non
498 2294 727 2379 imperatorem,
756 2313 817 2359 non
839 2294 960 2360 iudices
979 2313 1037 2361 nec
1058 2295 1165 2378 ipsum
1187 2299 1350 2360 auctorem

222 2403 378 2466 scelernm
400 2405 433 2466 et
458 2400 646 2465 homicidam
673 2386 847 2465 Damasum
872 2400 979 2465 timuit
1006 2401 1062 2466 sed
1084 2420 1140 2485 per
1162 2401 1351 2467 coemeteria
1368 2431 1395 2473 eo
1427 2389 1430 2393 ⁸

221 2511 393 2592 martyrum
425 2506 577 2571 stationes
610 2506 676 2571 sine
709 2505 830 2571 clericis
862 2507 1049 2571 celebrabat.
1081 2507 1163 2572 unde
1201 2525 1272 2572 cum
1308 2507 1350 2571 ad

222 2617 363 2680 sanctam
393 2612 517 2698 Agnem
548 2611 643 2676 multi
672 2611 812 2677 fidelium
844 2612 1072 2692 conuenissent,
1105 2615 1243 2678 armatus
1276 2631 1351 2678 cum

223 2719 413 2788 satellitibus
442 2718 508 2783 suis
531 2718 688 2783 Damasus
714 2717 806 2783 irruit
828 2722 861 2784 et
886 2719 1038 2801 plurimos
1061 2718 1248 2784 uastationis
1262 2738 1350 2784 suae

171 2828 213 2892 13
224 2828 328 2911 strage
350 2825 473 2891 deiecit.
541 2824 624 2907 quod
651 2823 771 2889 factum
798 2824 1053 2890 crudelissimum
1074 2825 1168 2890 nimis
1192 2824 1349 2909 episcopis

222 2931 331 3002 Italiae
359 2929 555 3013 displicebat.
584 2949 662 3012 quos
691 2930 785 2994 etiam
813 2949 886 2995 cum
914 2930 953 2995 ad
980 2931 1083 2995 natale
1107 2949 1200 2995 suum
1223 2932 1350 2996 sollem-
1369 2960 1396 2999 ss

221 3037 303 3102 niter
322 3038 491 3117 inuitasset
514 3038 546 3101 et
567 3036 708 3100 nonnulli
726 3035 947 3101 conuenissent
969 3055 1004 3100 er
1027 3037 1083 3115 eis,
1101 3036 1247 3118 precibus
1265 3036 1350 3118 apud

121 3184 122 3188 =
223 3163 277 3209 eos
308 3142 438 3208 molitur
468 3145 501 3207 et
530 3141 641 3225 pretio,
673 3145 710 3206 ut
741 3143 928 3208 seutentiam
958 3143 991 3207 in
1023 3144 1166 3207 sanctum
1197 3141 1350 3207 Ursinum

222 3248 388 3332 proferant.
422 3247 476 3331 qui
507 3248 732 3331 responderunt
763 3268 820 3340 nos
852 3249 891 3313 ad
918 3249 1021 3320 natale
1048 3248 1263 3326 conuenimus,
1285 3265 1349 3311 non

173 3357 260 3421 14ut
285 3355 462 3432 inauditnm
490 3354 693 3422 damnemus.
720 3355 766 3419 ita
790 3373 888 3438 praua
915 3354 984 3420 eius
1009 3353 1141 3420 intentio
1164 3353 1348 3436 caruitque

223 3461 381 3526 nitebatur
404 3459 527 3525 effectu.
1367 3487 1396 3531 eo

258 3719 338 3774 2dei
359 3718 396 3774 V:
413 3719 474 3773 ideo
488 3719 582 3788 Meyer
616 3719 977 3788 Dionenosort.eccioniuo
996 3718 1106 3774 corr.V
1141 3719 1173 3772 12
1192 3735 1297 3773 omnem
1316 3720 1348 3783 V,

223 3824 292 3862 coar.
316 3829 329 3862 o
424 3808 458 3862 14
483 3808 589 3862 ursinus
617 3808 694 3862 exilio
723 3806 755 3871 V,
783 3823 851 3862 corr.
875 3805 915 3861 0²:
941 3808 1038 3886 Ursino
1065 3807 1093 3860 in
1121 3807 1228 3867 erilium
1255 3808 1350 3877 Meyer

225 3898 257 3951 16
276 3901 350 3950 serta
372 3895 403 3961 V,
423 3912 522 3950 corso
565 3904 567 3916 '
600 3896 631 3951 17
649 3895 784 3950 Kalendas
802 3895 964 3950 Decembres
982 3894 1077 3950 Sirmn
1099 3895 1221 3950 kalendis
1244 3896 1349 3950 decem·

222 3983 316 4037 bribus
337 3983 365 4038 V
447 3984 479 4038 18
502 3984 637 4053 nullisque
659 3984 740 4039 Sirm.
792 3983 988 4056 191udicem
1012 3983 1091 4039 Simo.
1162 3983 1198 4037 24
1215 3986 1293 4054 trago
1316 3983 1384 4047 V„

223 4088 324 4129 corae
