2904 4672
137 257 200 320 294
403 251 496 321 Uigilii
515 252 692 306 constitutum
711 253 743 306 de
762 253 846 307 tribus
865 254 990 324 capitulis

46 443 110 507 224
133 448 207 529 quid
239 447 321 512 euim
352 447 436 511 aliud
468 449 517 511 est
548 446 710 510 mendaces
743 448 798 510 aut
824 447 1007 512 simulantes
1034 450 1262 530 professionem

133 556 236 618 rectae
265 553 338 618 fidei
365 557 468 636 patres
496 554 526 616 in
552 555 659 617 666616
682 551 926 618 calchedonensi
950 554 1067 637 syuodo
1091 557 1261 622 residentes

134 660 295 725 ostendere
324 679 415 742 quam
445 659 547 723 dicere
570 658 692 740 aliquos
717 677 752 722 ex
775 658 819 722 eis
844 659 959 724 similia
983 662 1126 744 sapuisse
1149 662 1261 728 Nesto·

132 762 188 842 rio,
213 784 344 847 quorum
366 766 482 829 iudicio
507 764 615 828 uideas
637 765 820 830 Nestorium
844 765 974 848 eiusque
998 768 1146 850 dogmata
1166 768 1262 834 fuisse

47 867 109 930 225
134 871 302 938 damnata?
346 890 401 935 666
424 871 505 935 illud
529 870 739 935 arbitrandum
763 874 821 947 est,
847 872 920 954 quia
942 877 1068 938 6666166
1092 876 1260 940 memmiae
1287 891 1298 928 ⁵

134 976 242 1060 Oprilli
263 977 392 1040 iniurias
414 996 469 1058 per
492 975 656 1041 duodecim
680 977 886 1059 capitulorum
907 977 974 1041 eius
992 978 1260 1059 reprehensionem

132 1102 152 1151 a
178 1083 245 1147 uiro
273 1083 445 1147 uenerabili
472 1082 677 1160 Theodoreto,
705 1085 741 1146 ut
763 1084 901 1165 putatur,
924 1084 1062 1168 ingestas
1085 1084 1260 1151 beatissimi

134 1191 236 1270 patres
264 1189 362 1253 nostri
389 1189 421 1252 in
450 1191 558 1253 sancte
584 1189 702 1271 synodo
732 1187 954 1253 calcedonensi
981 1189 1182 1272 neglexerint,
1208 1190 1260 1255 sed

133 1297 188 1359 aut
205 1297 314 1377 utpote
333 1295 426 1360 rebus
445 1295 482 1358 de
500 1295 639 1376 proximo
659 1295 758 1376 gestis
778 1297 889 1358 cuncta
906 1314 978 1378 prae
994 1296 1094 1361 oculis
1110 1297 1259 1376 hahentes

133 1399 363 1465 theodoretum
401 1400 581 1483 episcopum
619 1400 662 1464 nil
702 1400 764 1464 tale
804 1400 917 1464 fecisse
957 1401 1167 1483 probauerunt
1208 1410 1261 1469 aut
1277 1394 1298 1460 io

133 1506 309 1588 exemplum
335 1505 435 1589 ipsius
464 1508 589 1570 6666166
617 1506 783 1570 memoriae
813 1505 921 1588 Cyrilli
949 1507 1169 1573 iudicauerunt
1193 1528 1259 1574 esse

133 1613 336 1694 sequendum,
351 1612 404 1695 qui
418 1615 491 1694 post
509 1612 608 1677 multa
627 1613 658 1675 et
676 1612 784 1696 grauia
800 1614 909 1676 contra
927 1632 960 1676 se
979 1614 1016 1677 ab
1037 1611 1259 1680 Orientialihus

24 1734 25 1737 ’
133 1717 215 1800 apud
250 1718 409 1799 Ephesum
449 1717 563 1800 scripto
602 1721 691 1799 gesta
725 1720 874 1798 tempore,
912 1737 972 1800 quo
1010 1736 1082 1782 cum
1116 1718 1196 1800 ipsis
1228 1721 1259 1785 in

133 1823 328 1887 concordiam
359 1824 520 1900 remeauit,
553 1826 714 1905 tamquam
745 1823 772 1887 si
804 1825 874 1888 acta
904 1842 964 1888 neu
996 1824 1141 1902 fuissent,
1174 1827 1260 1907 pacis

133 1947 235 1993 amore
259 1928 382 1994 silentio
407 1929 582 2011 dereliquit,
606 1931 643 1993 ut
664 1929 808 2012 impleret
825 1929 934 2012 utique
952 1930 1033 1994 illud
1051 1931 1260 2013 apostolicum
1277 1950 1300 1990 1⁵

134 2033 264 2112 dictum,
292 2034 374 2115 quod
403 2034 573 2100 Corinthiis
601 2035 739 2100 scribens
769 2034 861 2099 dicit:
889 2035 952 2099 661
976 2036 1078 2100 enim
1101 2038 1259 2120 aliquid

39 2137 110 2236 (226
134 2139 331 2219 donastis,
356 2143 395 2205 et
418 2159 497 2224 ego.
549 2159 621 2204 nam
644 2143 676 2205 61
697 2140 777 2205 illud
800 2141 1066 2224 sanctasynodus
1090 2141 1261 2209 Calchedo-

133 2246 235 2310 neusis
267 2246 439 2310 intendisse
472 2246 623 2311 credenda
655 2251 712 2325 est,
745 2246 827 2328 quia,
855 2246 929 2311 dum
957 2247 1130 2312 doctrinam
1159 2249 1261 2314 sancti

133 2351 240 2436 Cyrilli
276 2371 311 2416 66
347 2352 489 2433 epistolis
523 2352 590 2416 eius
626 2353 658 2416 in
696 2353 802 2417 eadem
839 2353 955 2436 synodo
987 2354 1132 2419 reseratis
1165 2358 1261 2438 atque

131 2458 264 2541 receptis
291 2460 482 2522 memoratus
510 2458 674 2539 episcopus
702 2458 915 2523 Theodoretus
941 2459 987 2523 ita
1014 2459 1128 2525 deuota
1154 2465 1261 2526 mente
1278 2481 1302 2520 66

133 2564 281 2646 suscepit,
308 2568 344 2628 ut
372 2563 529 2629 doctrinae
556 2584 679 2648 quoque
706 2564 773 2629 eius
801 2564 839 2628 ad
865 2565 1052 2630 laudandam
1083 2566 1261 2632 beatissimi

131 2688 229 2751 papae
255 2669 366 2735 Leonis
395 2670 560 2751 epistolam
586 2669 776 2735 testimoniis
804 2673 954 2748 uteretur,
984 2671 1109 2735 etiarnsi
1130 2672 1162 2735 iu
1188 2692 1261 2737 eum

131 2773 259 2839 iniurias
291 2776 437 2840 intulisse
469 2778 633 2854 constaret,
666 2777 847 2861 plenissime
880 2776 1071 2841 satisfecisse
1099 2777 1262 2844 uideretur

130 2880 216 2945 illius
258 2881 477 2947 uenerabiliter
516 2882 731 2964 amplectendo
772 2882 874 2960 fidem,
916 2882 1006 2947 cuius
1042 2883 1121 2947 false
1157 2884 1262 2949 fuerat

132 2987 311 3068 suspicatus
336 3007 481 3052 errorem:
506 2990 538 3051 61
559 2988 629 3053 ideo
653 3009 708 3053 nos
732 3007 788 3052 666
812 2988 928 3070 aliquid
951 2989 1041 3053 uelut
1063 2989 1221 3054 omissum
1244 3011 1303 3055 aas

131 3092 609 3176 661611666661616666666<66>
625 3097 775 3159 6666661
792 3096 958 3159 6616661666
978 3095 1125 3159 66666611
1142 3097 1175 3159 61
1195 3116 1260 3174 666,

132 3199 245 3281 quibus
280 3200 379 3264 sancti
416 3199 525 3283 (tyrilli
558 3200 756 3284 reprehensio
792 3219 873 3265 nunc
909 3201 1012 3282 placet
1049 3204 1104 3265 aut
1141 3201 1261 3267 eisdem

132 3305 249 3369 sanctis
276 3306 417 3386 patribus
444 3306 558 3372 uostris
587 3307 754 3370 aestimant
779 3306 946 3388 placuisse,
978 3307 1079 3371 modis
1112 3309 1260 3375 omnihus

45 3409 108 3473 227
131 3411 313 3477 refutamus.
355 3412 417 3476 hac
441 3430 513 3495 ergo
536 3431 637 3481 rerum
656 3412 788 3476 ueritate
806 3431 958 3494 perpensa
976 3413 1144 3476 statuimus
1163 3416 1259 3490 atque

222 3655 253 3707 16
273 3653 330 3709 Cor.
349 3656 377 3708 11
396 3657 419 3722 2,
441 3657 473 3710 10

167 3777 418 3833 2661611616666616
441 3779 466 3833 V
527 3781 542 3835 3
561 3780 715 3834 ostenderet
733 3795 812 3849 quam
830 3778 933 3832 diceret
955 3778 986 3843 V,
1006 3794 1072 3833 corr.
1091 3777 1118 3830 61
1180 3781 1197 3834 6
1217 3781 1258 3832 in-

132 3866 207 3921 iuriis
223 3867 292 3920 Bor.
330 3868 454 3922 766166
474 3866 513 3921 616
534 3867 646 3922 auroV
696 3867 802 3937 ingesta
825 3866 944 3930 VBar.,
962 3867 1067 3921 correxi
1101 3866 1258 3922 866166616-

132 3956 221 4008 666616
244 3956 271 4009 V
353 3957 382 4010 ll
402 3956 580 4011 iudicauerint
603 3957 633 4021 V,
653 3973 721 4011 corr.
741 3954 767 4006 61
852 3959 884 4010 15
903 3955 1072 4025 derelinquid
1094 3956 1126 4020 V,
1145 3972 1213 4010 corr.
1233 3954 1259 4006 0²

128 4039 321 4098 Ι1611661611616
344 4044 371 4098 V
418 4044 589 4100 1816616166
611 4046 642 4108 V,
662 4061 729 4099 corr.
750 4042 776 4095 61
824 4044 1030 4098 2416166366.
1080 4043 1261 4126 2566161111

133 4132 356 4200 216666666666
376 4149 455 4202 quere
478 4133 504 4186 V
554 4134 587 4187 28
607 4135 738 4186 extimant
760 4132 786 4185 V
