2904 4672
550 214 635 282 Epist.
654 213 745 266 XXlIl
763 216 779 266 2
799 243 831 253 -
850 212 922 266 XXV
942 214 964 266 l.
1016 231 1019 237 ·
1277 215 1314 278 71

175 424 286 489 quem
310 408 449 490 aequitas
473 407 526 470 ucl
547 407 658 490 religio
681 407 839 488 poscebat,
864 405 1026 488 acciperet.
1052 405 1156 484 simul,
1181 405 1254 487 quia
1281 405 1318 469 tle

193 513 353 578 sacerdote
380 513 458 577 nihil
483 514 606 596 poterat
634 511 762 588 definiri,
790 511 976 592 temporarie
1004 511 1168 596 elegimus,
1196 511 1250 592 qui
1272 530 1317 575 re-

192 605 326 684 uerenda
354 619 449 683 sacris
478 618 587 682 diebus
611 617 760 700 mysteria
782 617 960 691 celebraret,
984 621 1021 680 ut
1042 617 1144 696 uobis,
1169 616 1316 696 Quirites,

193 724 232 788 arl
254 725 402 790 honorem
426 743 531 790 sacrae
554 723 640 789 urbis
663 725 786 806 praesto
811 727 895 787 esset
917 722 1113 787 sollemnitas
1137 721 1316 787 sacerdotis.

157 850 287 913 square
319 829 434 895 imitati
465 829 647 913 patientiam
679 831 816 893 nostram
848 828 978 910 placidis
1007 827 1128 904 animis,
1157 847 1235 910 quae
1261 847 1316 910 pro
1338 835 1360 897 ’3
1403 904 1405 908 .

191 953 268 1018 pace
300 935 426 1016 publica
457 934 634 1010 suademus,
666 933 811 1016 accipite:
849 936 1027 997 sanctorum
1061 933 1165 998 cultus
1197 933 1315 997 dierum

192 1040 296 1104 debita
311 1040 536 1121 tranquillitate
550 1042 750 1116 transcurrat,
766 1040 901 1121 quietem
920 1039 1078 1120 publicam
1098 1038 1211 1104 seditio
1231 1040 1316 1103 nulla

191 1146 363 1228 perturbet,
391 1145 481 1210 fauor
501 1147 643 1228 proprius
668 1145 749 1210 circa
771 1147 902 1222 nullum,
926 1145 979 1227 qui
1001 1146 1136 1221 notetur,
1160 1146 1315 1225 appareat.

192 1252 281 1316 decet
300 1252 381 1316 enim
400 1251 561 1334 suspensis
581 1252 724 1316 sensibus
744 1251 847 1315 omnia
869 1253 973 1316 nostro
997 1250 1117 1334 integra
1139 1269 1197 1315 uos
1221 1269 1316 1315 resen

145 1383 176 1422 ιο
189 1377 263 1423 aare
279 1357 396 1425 iudicio
416 1376 471 1422 nec
489 1358 590 1423 surore
614 1359 748 1441 quodam
771 1358 827 1422 sed
850 1358 954 1422 debita
976 1357 1129 1441 probitate
1154 1359 1312 1439 expectare
1337 1375 1358 1435 4

189 1465 296 1548 potins
319 1484 411 1546 quam
433 1482 561 1546 poscere
583 1463 784 1528 sacerdotem.
849 1463 932 1544 quod
955 1463 982 1527 si
1005 1472 1117 1545 prauos'
1140 1463 1313 1526 incentores

192 1570 292 1634 secuti
305 1569 413 1633 turbas
429 1573 461 1632 et
473 1567 629 1634 tumultus
643 1570 748 1651 potius
764 1578 904 1650 (quarn)
921 1568 1057 1650 quietem
1077 1585 1112 1631 ac
1131 1567 1315 1632 modestiam

190 1675 339 1758 legeritis,
368 1675 481 1757 quibus
504 1674 628 1752 fauetis,
652 1673 863 1738 monstrabitis
887 1692 944 1737 nec
966 1673 1068 1737 solum
1091 1672 1182 1736 uobis
1206 1671 1261 1736 sed
1284 1675 1315 1736 et

192 1780 371 1844 auctoribus
407 1780 532 1856 uestris,
573 1799 704 1862 quorum
745 1778 884 1843 consiliis
924 1777 1100 1854 inhaeretis,
1141 1777 1314 1860 pericnlum

140 1909 171 1948 15
191 1886 313 1958 salutis,
334 1885 373 1950 ad
392 1886 475 1968 quod
494 1905 550 1950 nos
571 1885 771 1968 compellitis,
789 1884 975 1949 imminebit.
994 1903 1094 1965 neque
1116 1883 1200 1951 enim
1224 1884 1315 1947 uenia

191 1991 303 2074 dignus
331 1995 388 2069 est,
417 1992 470 2079 qui
498 1990 536 2054 ab
565 1990 764 2073 improbitate
792 1988 995 2054 humanitatis
1032 1991 1155 2055 nostrae
1186 1988 1313 2053 monitis

192 2116 252 2159 nou
275 2095 390 2178 pot-erit
411 2096 545 2160 retineri.
612 2096 693 2160 Data
714 2096 760 2159 ld.
784 2097 875 2159 Mart.

710 2285 794 2370 (li)

191 2425 323 2473 mrsnnr
341 2428 504 2472 *rnrscrrrs
532 2427 682 2472 urrsronn
709 2429 750 2472 an
768 2428 926 2474 snucrun
957 2428 1112 2474 rarumuu
1143 2425 1312 2472 arrsooruu

143 2547 173 2591 20
672 2534 826 2582 nonarum

235 2656 353 2703 sarcre
376 2658 417 2702 nc
444 2630 629 2703 trasennam
651 2659 744 2702 rarnr
766 2658 900 2703 Parnaso
924 2657 1082 2703 narsooro.
1149 2638 1215 2701 Iam
1237 2640 1312 2701 tunc

190 2743 251 2807 fuit
279 2744 361 2826 apud
388 2764 443 2809 nos
473 2748 556 2809 certa
584 2746 738 2809 sententia
764 2745 842 2809 nibil
870 2746 907 2808 ab
936 2745 985 2810 liis
1010 2744 1233 2818 sacerdotibus
1259 2742 1312 2824 qui

190 2851 229 2913 acl
256 2850 407 2932 synodum
435 2854 652 2926 conuenerant,
680 2870 773 2933 posse
800 2850 890 2929 finiri,
919 2869 990 2914 cum
1014 2849 1174 2914 beatitudo
1197 2853 1252 2912 tua
1274 2846 1311 2911 de
1389 2843 1390 2846 ’

191 2956 326 3036 corporis
353 2956 573 3039 inaequalitate
602 2960 730 3020 causata
755 2956 876 3020 itineris
909 2977 969 3021 non
1001 2955 1138 3038 potuerit
1167 2953 1311 3018 iniuriam

144 3084 171 3124 aa
190 3060 354 3124 sustinere.
374 3064 406 3125 ct
421 3080 477 3143 per
495 3061 666 3125 absentiam
691 3061 790 3126 sancti
813 3061 882 3139 uiri,
905 3081 965 3126 non
989 3061 1114 3143 quidem
1138 3063 1310 3142 optentura,

189 3165 312 3229 interim
339 3168 442 3230 tamen
469 3167 548 3231 uitia
570 3167 773 3250 gratulantur,
798 3186 870 3231 cum
892 3186 988 3248 praua
1010 3171 1042 3231 et
1063 3168 1155 3230 uetus
1179 3165 1307 3230 ambitio

190 3273 221 3334 et
248 3290 319 3335 cnm
346 3271 510 3337 benedicto
530 3273 596 3336 uiro
621 3277 805 3355 sanctaeque
828 3272 913 3335 uitae
937 3272 989 3336 din
1013 3271 1092 3335 uelit
1114 3272 1225 3335 babere
1249 3289 1311 3334 cer·

225 3481 237 3531 l
254 3478 381 3548 possebat
398 3478 430 3543 V,
444 3495 512 3533 corr.
527 3497 540 3529 o
594 3477 726 3533 anchiso
741 3481 847 3548 Meyer:
860 3470 895 3532 ub
911 3479 941 3543 V,
955 3478 994 3532 ibi
1007 3480 1077 3533 Bar.
1132 3479 1147 3531 9
1160 3473 1264 3548 integro
1279 3479 1310 3541 V,

190 3582 255 3621 corr.
275 3564 302 3616 ο2
356 3567 388 3621 10
407 3565 523 3620 debitam
543 3566 703 3636 probitatem
726 3566 756 3629 V,
778 3582 844 3621 corr.
863 3567 932 3621 Bor.
988 3568 1020 3621 12
1038 3565 1130 3620 turbas
1150 3570 1177 3620 et
1195 3565 1236 3622 0²:
1255 3570 1310 3620 tur·

188 3651 282 3706 bareat
309 3652 341 3717 V,
365 3653 502 3707 turbarum
524 3653 592 3706 Bar.
700 3669 778 3722 quam
796 3653 910 3707 inscruit
930 3655 999 3709 Bar.
1023 3655 1071 3722 (cs.
1092 3653 1129 3706 nol
1141 3671 1172 3722 p.
1196 3657 1240 3720 70,
1258 3657 1309 3720 23)

191 3742 221 3794 13
239 3739 317 3794 uobis
336 3739 374 3794 0²:
393 3741 482 3795 uerbis
505 3741 529 3794 V

222 3827 270 3883 25.
308 3828 387 3883 Data
406 3829 449 3883 die
465 3833 507 3883 20
523 3830 609 3884 Mart.
632 3833 690 3884 419.
753 3831 807 3884 Ed.
825 3830 894 3884 Bar.
915 3831 953 3884 ad
971 3847 997 3885 a.
1019 3833 1079 3896 419,
1093 3833 1138 3884 20.
1193 3831 1224 3882 21
1246 3828 1311 3883 Tam

188 3916 300 3980 tuch,
315 3932 382 3971 corr.
398 3917 478 3972 Sirm.
492 3920 597 3988 Meyer:
616 3921 722 3972 tantum
734 3920 803 3972 Bar.
858 3919 891 3972 23
910 3919 981 3972 finiri
998 3919 1095 3986 serpsi
1109 3918 1155 3985 (cf.
1166 3933 1194 3985 p.
1212 3920 1256 3983 72,
1272 3919 1312 3970 30

189 4020 255 4074 quae
275 4022 290 4058 a
308 4006 399 4074 paucis
417 4023 470 4059 non
487 4007 577 4076 potuit
594 4007 752 4073 terrulaari):
773 4007 882 4061 diffiniri
905 4006 936 4071 V,
956 4006 1059 4060 definiri
1076 4008 1144 4061 Bar.
1229 4007 1262 4061 25
1283 4008 1310 4058 et

189 4092 288 4146 rtr'ctam
307 4098 344 4146 est
360 4098 391 4147 at
410 4093 473 4147 aliia
492 4095 557 4149 tocie
576 4097 603 4148 et
621 4111 682 4148 uero
