2904 4672
506 253 592 324 npne.
608 225 766 309 nxxmr‘e
783 285 816 296 -
834 254 971 308 nxxxnn
989 255 1014 310 e.
1203 272 1205 275 ·
1256 214 1316 321 231

195 447 326 521 tendum
365 416 542 532 posteritati
577 450 718 514 tradatur
753 452 937 532 exemplum,
972 450 1137 532 praesenti,
1174 450 1319 532 quemad·

195 552 326 617 modum
350 572 383 618 ee
405 553 526 632 habeat,
549 554 696 619 insertam
718 555 849 639 paginae
873 555 1075 620 declaramus.

172 719 178 725 .
240 677 400 722 erumnae
434 677 548 723 Pernen
584 677 799 724 Pnonnssmnne
837 679 919 734 sunu
944 680 996 736 ,nn
1034 679 1178 733 senonen
1212 659 1361 724 norun-3

194 767 272 811 men
310 765 480 813 recentum.
549 753 654 811 Omnes
699 742 814 828 quidem
849 754 966 825 fideles,
1008 753 1128 811 maxime
1168 770 1236 812 uero
1273 752 1318 810 dei

164 840 361 908 asacerdotes
391 857 490 914 pacem
524 843 552 899 et
582 841 838 900 sanctificationem
870 842 951 916 sequi
981 858 1043 899 cum
1074 841 1204 900 omnibus
1235 858 1316 915 opor·

171 930 249 1000 „tet,
286 928 348 988 siue
384 928 487 1003 quibus
510 946 593 988 nemo
617 930 773 988 secundnm
796 931 957 1003 apostolum
979 930 1090 988 uidebit
1112 930 1265 989 dominum.
1290 932 1319 988 et

195 1034 251 1076 nos
277 1017 366 1093 igitur
395 1018 582 1091 apostolicam
605 1020 756 1093 sequentes
780 1019 938 1077 doctrinam
957 1020 986 1077 et
1007 1017 1177 1077 festinantes
1200 1034 1319 1078 concor·

197 1105 274 1164 diam
297 1105 479 1164 ecclesiarum
504 1107 612 1166 seruari
634 1108 814 1180 praesentem
835 1106 957 1166 facimus
976 1107 1113 1166 libellum.
1172 1106 1319 1180 inprimis
1342 1099 1362 1160 4

196 1195 332 1269 quattuor
358 1197 474 1252 sanctas
502 1195 629 1270 synodos
656 1198 817 1270 patresque,
842 1196 891 1271 qui
912 1197 943 1254 in
965 1196 1054 1255 isdem
1079 1196 1196 1270 synodis
1219 1212 1319 1255 conee-

152 1297 178 1337 1o
197 1283 310 1354 derunt,
329 1283 486 1342 Nicaenam
505 1286 697 1343 trecentomm
716 1284 814 1343 decem
833 1287 862 1343 et
880 1288 953 1355 octo,
974 1284 1320 1358 constantinopolitanam

161 1383 167 1387 '
198 1373 312 1430 centnm
340 1371 556 1446 qninquaginta,
584 1374 765 1445 llphesenam
791 1374 910 1446 primam
939 1375 1121 1432 ducentorum
1145 1369 1189 1450 (in
1213 1389 1269 1447 qua
1290 1373 1318 1429 in

196 1460 301 1534 legatis
328 1460 388 1519 suis
418 1464 502 1535 atque
524 1460 649 1533 uicariis,
673 1462 702 1520 id
727 1464 770 1520 est
791 1462 957 1521 beatissimo
981 1462 1085 1537 cyrillo
1108 1461 1318 1520 Alexandrinae

189 1549 277 1608 urbis
306 1549 440 1623 episcopo
464 1553 493 1608 et
514 1551 637 1610 Arcadio
662 1554 691 1608 et
712 1550 842 1611 Proiecto
867 1550 1009 1625 episcopis
1033 1553 1062 1609 et
1082 1539 1216 1624 Philippo
1238 1567 1317 1622 pres·

196 1639 306 1711 bytom,
330 1637 512 1710 beatissimus
535 1639 711 1698 Caelestinus
734 1656 811 1712 papa
832 1639 954 1698 senioris
971 1641 1077 1698 Romae
1092 1639 1220 1697 noscitur
1236 1655 1319 1711 prae-

151 1722 319 1801 resedisse)
344 1729 373 1784 et
395 1727 636 1790 Calcedonensem
659 1730 855 1786 sexcentorum
878 1727 997 1802 triginta
1019 1729 1182 1786 sanctornm
1205 1728 1316 1800 patmm

165 1806 170 1816 '
198 1814 369 1889 suscipimus
397 1816 426 1873 et
452 1833 504 1889 per
531 1816 626 1882 omnia
649 1819 678 1874 et
699 1816 728 1874 in
753 1816 894 1887 omnibus,
920 1833 1113 1891 quaecumque
1135 1816 1164 1873 iu
1188 1814 1319 1874 omnibus
1341 1806 1360 1867 5

197 1903 288 1978 gestis
311 1903 553 1963 Calchedonensis
576 1904 691 1964 concilii
713 1905 887 1979 ahammque
909 1905 1118 1978 praedictarum
1136 1903 1318 1978 synodorum,

197 1992 273 2050 slent
293 1991 323 2049 in
346 1991 436 2051 isdem
459 1994 593 2067 quattuor
615 1993 732 2066 synodis
750 1995 888 2067 scriptum
910 1994 1063 2063 inuenitur,
1088 1992 1229 2052 communi
1251 2007 1318 2050 con·

198 2097 284 2139 sensu
308 2097 371 2138 cum
392 2080 497 2156 legatis
520 2082 605 2155 atque
627 2082 742 2140 nicariis
764 2083 842 2141 sedis
864 2083 1049 2157 apostolicae,
1072 2080 1102 2138 in
1120 2082 1223 2155 quihus
1241 2080 1319 2138 iuxta

150 2159 326 2244 ao'tempora
357 2185 409 2228 sua
440 2169 659 2245 prodecessores
691 2171 853 2236 sanctitatis
884 2174 997 2230 uestrae
1032 2169 1192 2229 beatissimi
1225 2186 1318 2244 papae

195 2257 316 2318 senioris
343 2259 450 2317 Romae
477 2259 548 2332 ipsis
575 2259 692 2332 synodis
718 2261 931 2333 praesedemnt,
959 2262 1016 2318 tam
1046 2260 1128 2327 (de)
1152 2258 1207 2316 lide
1234 2275 1317 2332 qnam

196 2349 231 2406 de
254 2346 319 2404 aliis
338 2347 469 2405 omnibns
493 2347 586 2405 causis
609 2347 723 2408 iudiciis
742 2348 994 2408 constitutionibus
1012 2349 1062 2405 aut
1084 2346 1318 2422 dispositionibus

185 2435 314 2494 'definita
336 2436 386 2495 ant
407 2435 535 2493 iudicata
556 2436 603 2494 uel
622 2437 779 2496 constituta
800 2438 861 2496 siue
885 2436 1026 2510 disposita
1048 2438 1124 2506 sunt,
1146 2435 1317 2494 inconcusse

194 2523 400 2583 inuiolabiliter
413 2524 707 2597 inreprehensibiliter
719 2528 805 2599 etque
818 2525 1069 2584 inretractabiliter
1082 2525 1143 2582 sine
1158 2523 1317 2583 adiectione

148 2630 175 2670 aa
193 2614 240 2671 uel
269 2612 457 2671 inmutatione
483 2613 580 2686 aliqua
607 2631 660 2673 nos
686 2614 877 2688 promittimus
905 2617 1052 2673 secuturos
1083 2630 1137 2671 neo
1167 2613 1317 2686 quicquam

194 2700 376 2770 contrarium,
405 2702 481 2775 quod
508 2703 546 2760 ad
573 2719 669 2760 earnm
697 2702 946 2777 reprehensionem
970 2703 999 2761 et
1020 2701 1248 2760 retractationem
1270 2701 1315 2758 uel

192 2788 442 2864 permutationem
457 2790 519 2868 siue
545 2790 678 2851 iniuriam
705 2792 758 2850 snb
787 2791 915 2865 qnalibet
941 2790 1091 2849 occasione
1119 2789 1166 2848 uel
1189 2789 1316 2848 nouitate

193 2878 344 2952 pertineat,
368 2877 551 2938 ammissuros
573 2881 624 2937 aut
641 2880 698 2938 tale
717 2879 825 2953 aliquid
843 2879 1090 2953 praesumentibus
1110 2893 1314 2937 consensuros:

193 2967 244 3027 sed
274 2984 468 3041 quaecumque
500 2968 642 3026 communi
674 2984 815 3026 consensu
848 2984 909 3026 cunr
941 2968 1046 3041 legatis
1079 2969 1165 3040 atque
1199 2953 1359 3024 uicariisss

148 3073 175 3112 eo
193 3056 271 3115 sedis
298 3056 474 3130 apostolicae
502 3058 658 3117 orthodoxa
685 3073 748 3116 esse
775 3057 882 3116 ibidem
905 3056 1079 3127 dictasunt,
1104 3055 1326 3115 eaorthodoxa
1389 3091 1392 3097 ,

192 3162 361 3203 ueneremur
387 3146 472 3218 atque
501 3145 687 3220 suscipimue;
716 3162 910 3220 quaecumque
937 3144 1249 3203 anathematizauerunt
1269 3143 1315 3201 uel

193 3233 409 3299 damnauerunt,
433 3236 462 3291 et
478 3251 532 3292 nos
550 3234 821 3292 anathematizamus
839 3236 923 3308 atque
942 3235 1108 3291 damnamus
1128 3235 1156 3290 et
1172 3233 1313 3300 uniuersa,

192 3322 268 3380 sicut
290 3321 319 3379 in
337 3322 427 3380 isdem
452 3323 568 3396 synodis
592 3323 734 3381 communi
757 3340 897 3382 consensu
920 3339 983 3381 cum
1006 3321 1120 3380 nicariis
1142 3322 1217 3379 sedis
1244 3337 1314 3394 apo-

192 3409 311 3469 stolicae
343 3410 469 3469 iudicata
499 3414 549 3468 aut
580 3411 697 3469 definita
726 3412 772 3470 uel
805 3411 962 3470 constituta
988 3410 1048 3468 siue
1076 3409 1214 3484 disposita
1239 3409 1315 3467 lecta

280 3578 354 3647 5sq.
374 3580 406 3632 cl'.
424 3579 505 3633 Hebr.
527 3580 567 3644 12,
588 3581 621 3633 14

229 3701 242 3753 1
262 3701 421 3769 posteritate
444 3702 476 3764 V,
495 3704 614 3757 currem:
632 3702 747 3772 posteris
765 3703 833 3757 Bar.
888 3705 904 3756 2
922 3702 1005 3756 habet
1022 3704 1122 3756 inserta
1139 3702 1207 3756 Bar.
1266 3719 1313 3771 pa·

191 3789 257 3858 gina
280 3789 434 3853 Vcorreaa'
496 3792 632 3845 enxenia
654 3790 684 3856 V,
704 3806 772 3845 corr.
793 3808 810 3841 α
881 3808 980 3844 senone
997 3808 1123 3844 nnnnnua
1146 3789 1176 3855 V,
1196 3790 1313 3844 correxi:

192 3876 219 3930 S.
237 3876 401 3946 Euphemiae
420 3878 550 3947 templum
568 3879 638 3933 Bor,
692 3879 708 3932 8
726 3895 831 3932 seruare
850 3880 918 3935 Bar.
939 3884 969 3932 at
987 3880 1021 3946 ef.
1035 3895 1065 3948 p.
1083 3881 1151 3941 235,
1171 3882 1190 3932 8
1206 3878 1313 3946 impleri

191 3965 321 4019 9sancte
343 3965 372 4030 V,
393 3981 460 4021 corr.
480 3968 549 4020 Bar.
621 3966 774 4021 hisdemV
826 3969 857 4021 12
876 3968 979 4021 ulcenis
1001 3966 1033 4032 V,
1052 3983 1148 4022 coreo
1203 3967 1236 4020 13
1255 3967 1311 4037 epi·

191 4053 278 4122 scopis
296 4053 522 4124 Bar..·episoopo
541 4054 572 4111 ‚V
626 4054 754 4126 phylippo
777 4056 800 4108 V
843 4057 876 4110 14
894 4056 1013 4110 noscitur
1030 4072 1064 4110 ex
1081 4056 1185 4109 nocitor
1203 4070 1270 4108 corr.
1290 4055 1316 4106 V

192 4141 224 4195 18
242 4141 394 4196 hisdemV
437 4143 469 4196 21
489 4142 522 4196 de
542 4143 605 4197 add.
624 4144 694 4197 Bar.
745 4145 778 4197 25
797 4144 981 4198 imminutione
1002 4144 1071 4198 Bar.
1116 4144 1150 4199 33
1167 4143 1272 4196 hisdem
1289 4143 1315 4196 V
