2904 4672
571 269 656 339 Epist.
675 269 799 324 LXXVII
819 271 894 324 1-6.
1247 275 1310 339 207

186 469 296 548 ceptus
313 466 460 532 auobis?
484 469 516 530 et
534 466 589 530 ubi
608 470 682 531 sunt
700 467 822 531 uiscera
838 466 955 533 Christi
975 467 1012 531 ad
1030 467 1216 532 Petruml'?
1236 468 1311 530 haec

185 575 218 635 et
243 572 293 636 his
321 571 437 636 similia
464 571 570 636 dicens
599 590 670 636 curn
700 573 849 637 auerteris
877 573 1024 637 baculum
1048 573 1226 648 exactionis,
1250 575 1311 637 ste-

184 678 253 742 tisti
280 678 313 742 in
340 679 499 761 proposito
527 681 582 744 tuo
610 678 827 761 uniuersisque
855 678 1028 743 distribuis.
1105 679 1219 744 etenim
1257 674 1356 742 cri-4

184 785 292 848 bratus
325 804 358 849 es
385 786 534 851 canonice
567 804 584 850 a
614 786 811 867 praesulibus
843 786 969 863 nostris,
999 785 1032 849 id
1063 789 1112 849 est
1134 805 1152 850 a
1174 784 1312 866 principe

151 892 397 974 sapostolorum
426 892 529 970 Petro,
559 892 610 958 cui
637 893 782 958 dominus
814 892 874 957 ait:
907 892 1183 975 quodcumque
1214 875 1311 975 liga-

184 997 294 1062 ueris
319 1016 438 1081 super·
460 1001 616 1076 terram,
637 999 716 1064 erit
737 999 911 1083 ligatum
935 1001 973 1064 et
994 999 1031 1063 in
1056 999 1176 1064 caelo.
1201 1000 1233 1062 et
1255 1017 1311 1061 nec

183 1102 243 1169 hoc
271 1104 424 1182 meruisti,
452 1107 489 1168 ut
511 1123 565 1186 per
588 1103 713 1190 dignam
737 1105 958 1186 paenitentiam
981 1105 1137 1182 relaxeris,
1160 1105 1191 1169 in
1213 1107 1313 1169 temet

182 1211 288 1291 ipsrrm
312 1214 464 1286 statuens,
488 1214 524 1275 ut
545 1230 729 1293 perseueres
751 1212 783 1276 in
806 1212 865 1276 hac
889 1211 1096 1291 damnatione,
1121 1211 1229 1275 sedin
1253 1211 1311 1274 hac

171 1316 250 1380 ¹uita
287 1335 373 1398 spern
410 1316 506 1382 habes
543 1307 759 1383 tantummodo
797 1337 918 1399 sperare
959 1318 990 1381 in
1026 1317 1234 1405 principibus,
1275 1319 1311 1379 ut

137 1447 164 1488 ιο
183 1422 301 1501 redeas,
322 1423 379 1491 ‚ubi
403 1423 493 1508 digne
513 1424 653 1489 deiectus
673 1443 705 1489 es
725 1439 744 1488 a
762 1427 869 1489 sancta
887 1424 971 1501 sede,
990 1424 1123 1507 ideoque
1142 1423 1310 1506 perfectius

182 1529 438 1594 miserabiliores
454 1530 597 1596 omnibus
612 1530 793 1595 hominibus
807 1535 968 1613 tamquam
981 1531 1108 1595 minime
1124 1529 1310 1595 desiderium

182 1634 301 1699 habens·
333 1635 372 1698 ad
404 1636 495 1700 deum
528 1636 639 1700 uiuum
672 1639 704 1700 et
735 1637 803 1701 eius
834 1637 922 1720 regni
954 1637 1120 1703 caelorum.
1187 1640 1354 1701 uerum-5

181 1744 286 1806 tamen
304 1741 368 1805 noli
386 1742 516 1824 puluere
535 1743 653 1807 frustra
674 1742 821 1820 dealbari,
845 1743 918 1826 quia
939 1742 1123 1827 regulariter
1146 1741 1309 1807 sacerdotii

181 1847 392 1930 principatum
428 1848 597 1931 arripuisti,
635 1867 735 1932 neque
762 1847 877 1913 infleris
906 1848 1057 1913 aduersus
1085 1861 1142 1913 nos
1178 1849 1246 1932 pios
1279 1853 1314 1925 et⁴

136 1982 161 2024 rs
181 1955 266 2018 recte
292 1954 506 2036 praedicantes
533 1957 693 2037 tamquam
721 1955 849 2032 ferreus,
879 1973 949 2019 cum
973 1954 1017 2019 sis
1040 1955 1114 2020 felle
1137 1955 1309 2038 disruptus,

182 2059 256 2142 quia
268 2060 346 2124 licet
361 2060 394 2124 in
410 2060 469 2126 boc
487 2080 569 2125 nunc
588 2079 689 2143 usque
708 2061 896 2127 cohaeretici
914 2061 962 2125 tui
979 2064 1085 2126 tecum
1105 2061 1309 2139 detineantur,

182 2164 238 2230 sed
260 2169 365 2230 tamen
389 2167 472 2231 sicut
494 2171 525 2232 et
546 2170 583 2231 tu
602 2167 779 2232 hoic'uitae
796 2166 891 2232 talem
910 2169 1093 2233 memoriam
1110 2167 1307 2250 insipientiae

180 2271 382 2353 reliquerunt,
407 2273 607 2355 quandoper
633 2273 787 2352 haereses,
814 2293 870 2357 per
897 2292 974 2356 quas
1002 2273 1120 2339 deuicti
1143 2275 1229 2350 estis,
1252 2292 1309 2338 nec

179 2378 278 2442 latere
304 2379 464 2460 potuistis.
541 2380 728 2463 curitaque
756 2381 902 2445 abhorres
928 2380 1054 2444 Arrium
1078 2382 1110 2444 et
1132 2384 1224 2464 putas
1248 2399 1308 2445 non
1333 2385 1369 2446 6¹

136 2512 162 2554 no
181 2502 228 2560 ea,
256 2502 336 2566 quae
364 2488 437 2549 sunt
463 2485 560 2564 illius,
590 2488 720 2569 sapere?
748 2486 803 2550 ubi
832 2486 914 2569 apud
941 2489 972 2550 te
1001 2485 1310 2551 consubstantialitas

181 2589 352 2666 inuenitur,
386 2590 469 2673 quod
501 2590 583 2674 apud
613 2591 705 2656 illum
740 2611 938 2673 nequaquam
975 2592 1168 2674 suscipitur?
1206 2590 1309 2655 dixisti

182 2695 265 2759 enim
292 2699 399 2761 ‘unum
430 2697 579 2762 trinitatis
611 2717 679 2762 reor
709 2698 892 2781 passibilem
924 2697 980 2762 sed
1012 2717 1072 2762 non
1103 2700 1222 2779 patrem
1254 2714 1311 2760 nec

178 2796 277 2865 ¹buius
301 2803 447 2885 spiritum
472 2804 527 2869 sed
548 2803 650 2868 filium
673 2805 788 2869 huius’.
809 2823 842 2868 es
861 2805 964 2869 iactus
983 2803 1129 2867 Arrianae
1144 2803 1311 2871 ,haereseos

271 3027 403 3081 austun
422 3028 465 3092 16,
486 3027 518 3082 19

219 3201 232 3255 1
253 3201 356 3255 uiscera
379 3202 414 3256 V:
437 3203 501 3271 fort.
527 3203 610 3256 uerba
633 3202 700 3274 (scil.
725 3203 827 3257 Mattio.
851 3206 895 3271 18,
919 3206 968 3271 22)
1063 3205 1079 3258 2
1099 3220 1158 3258 curn
1182 3205 1311 3259 auerteris

181 3289 291 3358 scripsi:
319 3306 377 3344 cum
397 3291 468 3345 auris
491 3290 523 3354 V,
542 3307 601 3345 curn
625 3291 702 3345 audis
721 3286 756 3356 o'²‚
780 3309 833 3345 non
858 3291 936 3346 audis
960 3293 1029 3346 Bar.
1136 3294 1261 3347 naculum
1289 3292 1315 3345 V

182 3379 330 3432 exactionis
358 3378 396 3433 V.-
418 3380 549 3433 exactoris
572 3380 641 3433 Bar.
748 3380 862 3435 istetisti
889 3380 920 3446 V,
944 3380 1063 3436 marcai:
1089 3380 1216 3435 institisti
1241 3380 1310 3435 Bar.

181 3467 342 3529 3<errcras>
355 3466 494 3522 distribuis
512 3468 582 3522 Bar.
672 3469 793 3522 atenim
815 3469 886 3523 Bar.
976 3466 1313 3535 11111)11111111’,οονν.ο2

182 3556 345 3625 bligaberis
367 3555 394 3609 V
461 3557 525 3610 dat
542 3573 591 3611 nec
609 3557 678 3612 Bar.
751 3558 908 3613 lmetuisti
930 3558 960 3623 V,
984 3575 1085 3614 coras
1152 3560 1173 3613 9
1193 3559 1256 3613 abes
1279 3559 1309 3619 V.

182 3661 249 3700 corr.
269 3663 286 3696 α
340 3645 373 3699 10
392 3644 508 3716 druegne
527 3646 640 3715 degectu
662 3646 694 3712 V,
713 3663 781 3702 corr.
802 3665 819 3698 α
873 3647 906 3702 12
924 3642 1036 3717 regnum
1054 3647 1122 3702 Bar.
1186 3647 1218 3703 13
1238 3647 1310 3700 deal·
1412 3652 1416 3659 '

182 3731 241 3787 uari
263 3732 290 3786 V
374 3733 530 3803 regulariter
551 3733 581 3798 V,
601 3749 672 3790 corr:
690 3734 728 3790 0²:
746 3736 931 3805 irregulariter
949 3737 1018 3790 Bar.
1110 3738 1144 3792 14
1161 3736 1256 3790 inllens
1279 3734 1310 3797 V,

182 3834 250 3875 corr.
270 3818 297 3870 ο2
367 3837 415 3874 uos
438 3820 469 3884 V,
488 3835 555 3876 corr.
576 3820 603 3872 ο2
692 3824 724 3876 15
743 3822 807 3877 felle
824 3824 934 3894 scripsi:
952 3822 1024 3877 fellis
1043 3839 1076 3878 esc
1092 3822 1179 3877 felicis
1197 3839 1265 3880 corr.
1288 3822 1315 3875 V

183 3909 216 3964 16
236 3925 288 3977 quc
306 3909 419 3980 heretici
442 3909 473 3974 V,
492 3911 598 3964 correxi
678 3911 710 3966 l‘l
730 3914 757 3965 et
774 3913 805 3964 tu
825 3911 887 3966 huic
905 3911 978 3966 uitae
997 3912 1079 3966 taleni
1098 3912 1251 3967 memoriam
1270 3911 1307 3964 in·

183 3996 326 4066 sipientiae
356 3997 524 4067 reliquerunt
564 3999 712 4068 temptaui:
745 4002 774 4054 te
805 4004 835 4053 tu
862 4000 926 4055 huic
952 4001 1010 4054 uita
1041 4003 1125 4055 tatem
1156 4000 1309 4054 memoriam

183 4084 353 4154 insipientiae
371 4086 472 4156 relique
491 4088 555 4140 suut
577 4087 603 4140 V
673 4088 703 4143 19
723 4086 830 4142 aberres
853 4088 880 4142 V
947 4089 978 4144 21
1000 4089 1071 4158 quod
1094 4088 1132 4142 V:
1155 4104 1222 4157 quaa
1240 4088 1310 4142 Bar.

183 4173 217 4229 23
235 4172 296 4228 buis
320 4174 350 4240 V,
369 4191 436 4230 cor-r.
457 4192 475 4225 α
528 4175 662 4230 esiactus
679 4176 793 4245 scripsi:
811 4180 840 4231 et
857 4176 946 4232 lactus
964 4176 995 4243 V,
1015 4193 1075 4232 ecce
1093 4176 1180 4231 factus
1199 4193 1227 4230 es
1239 4176 1309 4232 Bur.
