2902 4672
625 254 710 328 rapas
729 255 792 313 cur
811 258 886 312 r-c.
1250 262 1313 326 475

194 454 258 520 lino
281 453 416 538 Agapito
444 451 602 518 Adeodato
624 451 795 518 Benedicta
818 452 981 518 Dominico
1003 453 1175 536 Redempto
1199 451 1315 519 Seuero

195 560 317 625 Iuliano
350 557 507 642 Stephano
541 557 758 625 crescentione
790 557 962 641 septimino
995 557 1147 642 cypriano
1184 563 1215 623 et
1245 559 1316 642 Epi-

195 665 309 748 phanio
332 664 525 748 presbyteris
546 682 608 728 una
630 683 702 728 cum
719 663 911 729 Amandiano
934 664 1002 730 uiro
1020 664 1137 729 illustri
1156 666 1188 729 et
1204 664 1317 749 Dioge·

195 771 285 837 niano
308 772 377 836 uiro
400 770 575 854 spectabili,
599 770 795 836 adstantibus
819 789 942 854 quoque
965 769 1148 836 diaconibus
1172 768 1328 835 Gelasius

165 878 364 961 aepiscopus
388 876 539 942 ecclesiae
562 876 733 942 catholicae
756 876 843 941 urbis
864 876 982 941 Romae
1006 875 1098 940 dixit:
1164 875 1320 945 ‘Meminit
1341 873 1361 936 3

196 983 323 1048 dilectio
354 986 461 1047 uestra
492 982 651 1066 superiore
684 984 840 1049 conuentu
869 981 1009 1046 oblatum
1035 981 1125 1046 nobis
1153 1000 1172 1044 a
1198 981 1319 1047 Miseno

196 1088 340 1153 libellum
361 1089 393 1153 in
417 1093 588 1172 conspectu
610 1091 716 1155 uestro
739 1087 839 1152 luisse
860 1088 1037 1165 recitatum,
1065 1087 1148 1152 hunc
1176 1087 1319 1165 eundem,

197 1195 223 1258 si
246 1196 349 1276 placet
371 1193 533 1260 dilectioni
550 1197 686 1271 uestrae,
704 1192 805 1259 denuo
823 1193 1057 1270 recensendum,
1074 1196 1112 1258 ut
1130 1196 1199 1257 acta
1215 1195 1322 1259 nostra

197 1300 383 1365 contineant.
425 1299 478 1382 qui
510 1299 595 1364 aliud
628 1318 661 1364 so
694 1319 817 1382 quoque
852 1299 1034 1383 petitorium
1071 1317 1144 1382 praa
1174 1298 1320 1364 manibus

154 1430 178 1477 ιο
196 1405 309 1469 habere
327 1405 499 1488 profitetur,
513 1412 597 1487 <quo
615 1404 681 1482 id),
697 1405 781 1488 quod
799 1405 893 1474 etiam
911 1405 942 1469 in
966 1404 1027 1470 hoc
1049 1403 1232 1481 continetur,
1250 1423 1320 1488 pos·

197 1511 297 1575 simus
317 1513 506 1595 agnoscere’.
527 1514 560 1575 et
581 1510 711 1575 adiecit:
735 1511 858 1576 ‘Miseni
881 1510 1007 1576 libellus
1030 1510 1132 1574 denuo
1154 1510 1321 1576 recitetur'.

240 1616 425 1681 Anastasius
458 1617 609 1682 diaconus
640 1617 802 1681 recitauit:
869 1616 996 1681 ‘Datum
1028 1616 1189 1681 alamulo
1215 1613 1364 1682 uosmet

196 1722 320 1787 Miseno
357 1721 406 1787 die
445 1726 557 1787 octauo
593 1723 707 1788 Iduum
738 1721 923 1787 Martiarum
954 1721 1081 1789 Uictore
1107 1741 1144 1786 rr.
1177 1740 1203 1788 c.
1236 1739 1321 1787 cons.

199 1828 358 1908 Quantum
381 1827 419 1892 ad
442 1846 530 1892 meae
552 1829 688 1910 pertinet
709 1827 903 1892 infelicitatis
927 1827 1103 1911 abruptum,
1131 1827 1227 1893 errori
1250 1846 1321 1892 meo

155 1954 180 1994 ιο
199 1931 338 2016 qualibet
364 1933 484 2002 ratione
513 1936 670 2000 contracto
698 1934 809 2000 definio
837 1953 898 1999 non
925 1952 995 1999 essa
1021 1932 1219 2016 parcendum,
1247 1951 1321 2015 quo·

197 2038 280 2102 niam
302 2038 363 2104 hoc
385 2039 455 2123 ipso
472 2059 572 2123 poena
591 2058 693 2105 carere
711 2058 771 2104 norr
791 2040 900 2118 debeo,
920 2038 1003 2123 quod
1019 2038 1120 2104 marui
1138 2038 1178 2103 ad
1195 2038 1321 2104 causam

197 2143 360 2224 poenalem
391 2161 587 2226 quacumque
619 2146 702 2210 sorte
732 2143 870 2226 perduci.
912 2146 1064 2227 quantum
1092 2161 1167 2207 uero
1193 2143 1363 2227 respicit5

198 2247 237 2312 ad
263 2248 430 2313 remediale
459 2249 647 2328 subsidium,
675 2249 736 2315 duo
765 2252 849 2328 sunt,
874 2268 953 2332 quae
968 2268 1028 2314 ⁴ma
1055 2248 1095 2314 ad
1120 2249 1179 2314 boc
1203 2249 1322 2333 suppli·

198 2353 276 2418 citer
300 2354 531 2438 implorandum
558 2355 665 2420 uenire
692 2355 927 2440 coustringunt:
954 2373 993 2419 ne
1019 2355 1072 2419 uel
1099 2371 1157 2438 ego
1174 2353 1320 2437 'despara-

154 2484 180 2522 οο
197 2458 282 2524 tione
313 2460 416 2544 magis
447 2460 607 2543 perpetuis
640 2460 829 2526 cruciatibus
863 2460 921 2526 sim
955 2460 1068 2544 dignus
1096 2459 1198 2525 addici
1223 2459 1320 2525 Iudae

197 2565 455 2648 praeuaricatoris
483 2566 621 2649 exemplo
650 2570 683 2630 et
709 2567 782 2649 quia
807 2570 894 2631 tanta
921 2569 970 2630 cst
995 2565 1161 2630 ineffabilis
1183 2565 1238 2630 illa
1260 2565 1320 2630 cle·

196 2670 324 2748 mantia,
352 2689 429 2752 quac
456 2691 512 2755 per
537 2672 743 2754 apostolicam
769 2674 958 2754 potestatem
984 2671 1167 2741 uniuersum
1197 2671 1319 2736 facinus

196 2776 300 2858 possit
327 2775 500 2842 absoluere.
567 2777 648 2842 hauc
674 2777 771 2862 igitur·
798 2777 896 2842 solam
922 2777 953 2841 irr
981 2795 1050 2866 meo
1078 2776 1213 2862 negotio,
1239 2795 1320 2860 papa
1342 2779 1362 2840 6

197 2880 393 2960 uenerabilis,
412 2900 522 2947 uocem
540 2883 735 2947 miserandus
754 2882 877 2948 effundo
896 2885 996 2964 parce
1013 2885 1177 2966 prostrato,
1196 2882 1318 2967 porrige

153 3013 180 3056 ss
196 2987 328 3051 manum
340 2987 480 3052 iacenti’t
504 2987 599 3053 nullis
622 2987 814 3070 ignorantiae
837 2987 1087 3053 excusationibus
1106 2987 1197 3064 nitor,
1215 2987 1318 3053 nullas

232 3335 245 3389 1
266 3336 380 3404 agapeto
397 3333 425 3386 Β
496 3333 627 3397 adeodato
644 3335 672 3388 Β
743 3333 864 3389 domnico
881 3335 920 3410 Βι
958 3335 975 3388 2
993 3298 1194 3403 rresanSana
1217 3333 1247 3399 V,
1266 3334 1317 3389 cri·

196 3423 333 3478 secutione
350 3423 377 3475 Β
447 3422 605 3492 septimiano
623 3422 741 3492 cipriano
758 3422 787 3476 Β
838 3423 855 3477 3
873 3437 937 3476 uero
956 3421 1069 3476 inlustre
1080 3420 1108 3474 B
1159 3422 1258 3475 duero
1272 3438 1315 3477 ex·

195 3508 323 3579 portabili
340 3509 368 3562 Β
460 3509 626 3565 asstantibus
649 3509 676 3563 V
748 3508 863 3564 dorbia
880 3509 909 3563 Β
983 3509 1104 3564 duobis
1127 3507 1186 3572 VB,
1204 3523 1271 3565 corr.
1290 3508 1317 3580 ρ’

197 3596 322 3652 'llibello
340 3598 368 3651 Β
449 3597 563 3652 eundem
581 3616 607 3668 p:
627 3597 721 3653 eudem
738 3604 770 3653 at
786 3597 896 3652 uidetur
911 3597 948 3661 B,
967 3597 1061 3652 eadem
1081 3596 1109 3650 V
1175 3597 1257 3666 tiqui
1280 3596 1315 3651 V:

196 3689 224 3739 ct
241 3685 287 3755 qui
302 3686 339 3749 Β,
358 3689 386 3739 et
404 3685 466 3755 quia
483 3685 552 3740 Bac.
616 3686 649 3740 10
667 3685 762 3755 quaid
778 3685 859 3740 iasar.
876 3681 991 3740 Baria.-
1013 3700 1071 3741 σοι.Ι
1086 3684 1137 3738 VB
1206 3683 1271 3754 quid
1287 3685 1316 3739 Β

195 3773 364 3827 contineatur
380 3773 407 3827 Β
452 3774 483 3827 11
502 3773 604 3827 messui
626 3772 653 3826 V
696 3773 727 3827 12
745 3773 887 3827 recitatum
905 3771 968 3825 dato
987 3771 1021 3825 ad
1037 3771 1065 3824 Β
1106 3771 1138 3826 13
1155 3769 1270 3826 misseuo
1286 3771 1315 3825 Β

120 3932 122 3937 .
193 3851 244 3941 οἷοι
265 3886 291 3940 V
365 3888 394 3942 id
412 3874 514 3942 mad-B
599 3887 631 3941 14
650 3887 684 3941 ad
702 3902 744 3941 ms
761 3887 878 3957 pertinet
895 3885 1062 3940 infelicitatis
1080 3884 1113 3939 ab
1131 3883 1315 3956 utrsqmlibat

196 3975 277 4029 errori
294 3975 321 4029 B
383 3977 416 4035 15
434 3979 599 4030 contractum
615 3975 643 4028 Β
697 3975 729 4028 17
748 3972 865 4028 forteV
915 3973 949 4027 19
968 3972 1152 4042 desperatione
1170 3987 1203 4027 cc
1220 3971 1313 4040 despe-

195 4063 298 4116 ratione
316 4061 347 4126 V,
361 4062 540 4132 disperatione
553 4062 581 4115 Β
650 4063 684 4117 20
703 4056 839 4116 adduciB
908 4061 940 4114 21
961 4063 989 4113 et
1002 4064 1103 4129 quanta
1120 4058 1147 4112 V
1213 4059 1246 4113 22
1264 4073 1312 4128 per

100 4167 107 4180 ·
195 4165 245 4204 om.
263 4149 291 4202 Β
343 4151 378 4204 al
394 4149 530 4205 mirandus
552 4148 579 4202 V
629 4150 662 4204 25
682 4143 862 4203 exsationibus
880 4148 908 4201 Β
977 4146 1099 4201 nullaV
1323 4148 1324 4152 ’
