2904 4672
155 269 217 332 316
419 264 513 335 Uigilii
533 266 707 319 coustitutum
727 263 760 318 de
778 263 864 317 tribus
882 260 1008 331 capitulis

153 459 414 524 Calchedonensis
430 457 567 542 synodus
585 457 736 523 inuiolata
753 456 957 540 permanserit
974 458 1067 536 atque
1085 457 1272 536 permaneat,

152 563 312 628 euidenter
338 564 520 628 ostenditur.
549 562 702 645 siquidem
730 562 768 626 de
794 561 902 625 eadem
931 561 1047 644 synodo
1079 561 1126 624 ita
1157 578 1213 625 nos
1242 559 1271 623 in

150 670 220 752 ipsa
241 671 375 751 epistola
396 673 501 735 nostra
525 672 643 733 certum
667 671 717 733 est
738 669 818 732 inter
836 668 938 732 cetera
954 665 1099 749 posuisse
1119 665 1271 731 dieentes:

65 773 129 836 299
153 795 233 840 cum
262 775 358 858 apud
385 793 450 839 nos
477 774 677 839 manifesta
698 774 843 838 ratione
865 773 1089 855 perclareat,
1113 771 1271 854 quicum-

152 901 220 965 que
243 882 278 945 in
303 881 564 946 contumeliam
588 880 777 944 antefatae
801 878 931 962 synodi
950 878 1095 960 aliquid
1112 880 1270 960 temptat
1294 903 1305 944 s

151 1006 271 1071 agere,
305 986 377 1051 sihi
414 987 540 1070 potius
571 987 791 1052 nociturum.
823 987 900 1050 item
931 989 1004 1068 post
1035 985 1112 1050 alia:
1147 984 1212 1049 sed
1242 983 1271 1047 si

150 1092 343 1158 euidenter
387 1093 493 1157 nobis
533 1093 671 1157 fuisset
711 1096 900 1157 ostensum
940 1091 976 1155 in
1016 1091 1112 1172 ipsis
1153 1090 1270 1174 gestis

149 1197 275 1280 potius
308 1197 505 1275 contineri,
538 1198 664 1262 nullus
697 1197 850 1262 auderet
876 1199 1002 1261 tantae
1028 1195 1270 1279 praesumpti·

150 1304 230 1368 onis
254 1306 383 1368 auctor
405 1303 579 1376 existere,
598 1306 640 1367 nt
657 1303 814 1386 aliquid,
834 1301 930 1386 quod
948 1302 983 1366 in
1002 1302 1098 1367 illud
1117 1301 1270 1366 sanctis·

150 1411 280 1473 simum
308 1408 489 1472 iudicium
516 1408 733 1490 perductum
762 1411 832 1484 est,
860 1409 966 1472 uelut
997 1406 1150 1471 dubium
1181 1407 1306 1486 iudi-1,

149 1517 261 1592 caret,
299 1533 378 1578 eum
415 1514 635 1579 credendum
672 1514 722 1578 sit
757 1515 847 1578 illos
883 1516 971 1578 tunc
1002 1515 1221 1594 praesentes
1254 1532 1270 1576 a

148 1620 338 1702 praesenti
368 1638 488 1683 rerum
520 1620 693 1685 memoria
725 1619 950 1703 diligentius
981 1619 1093 1682 etiam
1126 1621 1270 1702 praeter

149 1725 330 1808 scriptum
349 1725 473 1808 aliqua
491 1727 679 1806 requirere
698 1730 734 1789 et
752 1725 909 1789 definire
929 1723 1068 1788 certius
1087 1723 1269 1807 potuisse,

149 1831 243 1912 quod
282 1830 387 1894 nohis
423 1849 517 1895 nunc
552 1834 638 1911 post
672 1833 777 1894 tanta
807 1833 973 1912 tempora
1003 1829 1113 1893 uelut
1143 1828 1271 1912 ignota

148 1954 261 2000 causa
296 1936 447 2000 uidetur
491 1937 719 2020 ambiguum3
765 1955 845 2001 oum
890 1938 927 2001 et
970 1936 1036 2000 hoe
1082 1934 1307 2015 deferatur„

147 2041 378 2107 reuerentiae
394 2040 1270 2124 synodorum,utatquaeminusintolleguntur‚

59 2157 124 2221 300
148 2166 270 2213 eorum
316 2147 470 2212 cedatur
513 2147 742 2213 auctoritati.
788 2147 864 2211 item
907 2149 982 2229 post
1025 2145 1102 2210 alia:
1150 2146 1269 2210 saluis

147 2252 315 2318 omnibus
339 2255 448 2334 atque
470 2252 505 2317 in
529 2272 596 2317 sua
617 2260 800 2336 perpetua
822 2252 1005 2316 firmitate
1029 2250 1269 2327 durantibus,

147 2377 238 2439 quae
283 2358 318 2422 in
362 2358 543 2435 Nioaeno,
592 2357 1025 2439 Constantinopolitano,
1076 2357 1269 2440 Ilpheseno

147 2464 261 2545 primo
286 2466 395 2546 atque
419 2463 712 2529 calchedonensi
735 2462 955 2527 uenerandis
978 2465 1130 2526 constat
1153 2462 1308 2546 conci,⁰

146 2569 210 2633 liis
248 2569 405 2632 definita
445 2572 482 2633 et
521 2568 755 2633 decessorum
797 2569 997 2649 nostraque
1038 2568 1269 2632 auctoritate

146 2674 308 2747 firmata,
333 2677 369 2738 et
386 2675 547 2751 eunctis,
568 2673 629 2755 qui
648 2674 683 2738 in
702 2672 913 2738 memoratis
933 2672 1074 2737 sanctis
1093 2673 1268 2738 conciliis

145 2779 286 2845 addicti
309 2783 408 2858 sunt,
433 2780 510 2843 sine
534 2779 768 2844 dubitatione
791 2777 974 2842 damnatis
997 2777 1114 2843 ethis
1138 2779 1269 2843 nihilo-

145 2885 264 2950 minus
316 2885 520 2960 absolutis,
566 2885 608 2949 de
658 2903 810 2968 quorum
860 2884 901 2948 ab
952 2882 1070 2948 isdem
1116 2883 1268 2968 synodis

58 2995 116 3060 301
146 2990 381 3057 absolutione
410 2991 596 3056 decretum
625 2993 691 3056 est.
718 2991 795 3055 item
819 2992 894 3071 post
920 2989 994 3054 alia:
1019 2990 1307 3075 anathematis„

145 3097 355 3162 sententiae
374 3116 454 3162 eum
473 3117 616 3180 qnoque
636 3097 850 3173 subdentes,
866 3096 985 3179 (qui),
1001 3071 1174 3178 quisquis
1193 3095 1268 3173 ille,

230 3375 248 3427 4
266 3390 334 3444 quae
357 3375 504 3442 sequuntur
526 3346 643 3444 quinque
665 3373 760 3443 Uigilii
783 3373 940 3443 fragmenta,
959 3390 1017 3428 esse
1040 3372 1159 3427 eiusdem
1182 3389 1267 3444 papae

144 3458 259 3515 ludicati
276 3462 345 3531 quod
365 3461 463 3515 dicitur
480 3461 523 3515 die
542 3461 573 3515 ll
594 3461 676 3532 April.
692 3479 715 3516 a.
730 3462 782 3515 518
801 3463 890 3516 emissi
908 3461 978 3515 uidit
994 3460 1097 3524 Hefele,
1117 3460 1265 3526 Concilian-

143 3548 297 3616 gesehichte
314 3549 353 3602 11²
371 3549 422 3603 822
441 3566 498 3618 sqq.

180 3703 425 3774 lealchedonensi
447 3702 479 3766 V,
498 3718 599 3756 corae
696 3707 777 3772 atquc
796 3703 884 3757 ouV
952 3705 1159 3758 bcontumelia
1176 3722 1264 3759 mane·

143 3790 213 3844 laete
238 3790 266 3853 V,
284 3806 352 3845 corr.
372 3789 398 3841 ο2
516 3792 640 3845 lluiase
666 3792 693 3856 V,
712 3807 780 3846 corr.
800 3790 827 3842 ο2
936 3792 1079 3846 8nulllns
1102 3792 1133 3856 V,
1153 3809 1220 3848 corr.
1239 3792 1264 3844 ο2

145 3878 177 3931 10
195 3876 385 3946 productumc
489 3879 607 3933 indicare
633 3880 661 3947 V,
680 3896 751 3934 eorm
767 3881 835 3934 Bar
926 3882 958 3934 16
975 3882 1018 3944 <in
1035 3879 1093 3935 his>
1110 3898 1178 3952 quae
1198 3883 1262 3937 Bar

145 3966 177 4018 19
196 3966 290 4035 nicena
308 3967 599 4035 constantinopolitana
617 3968 750 4037 epheseua
767 3968 852 4038 prima
875 3969 905 4034 V,
925 3984 990 4022 corr·¹
1006 3969 1074 4022 Bur.
1130 3970 1164 4023 23
1190 3969 1262 4023 abdi-

143 4053 197 4106 cati
215 4050 242 4102 ο2
259 4052 328 4106 Bar
395 4055 429 4107 24
451 4054 554 4108 hisdem
577 4055 603 4107 V
662 4058 696 4111 26
712 4057 788 4126 (qui)
806 4057 925 4127 quisquis
944 4057 990 4110 ille
1008 4057 1123 4111 Hartel:
1146 4057 1261 4128 quisquis

142 4141 189 4194 ille
214 4139 244 4204 V,
265 4141 310 4209 qni
328 4143 438 4210 quaeuis
456 4142 525 4197 Bur.
